%YAML 1.1
%TAG !u! tag:unity3d.com,2011:
--- !u!64 &8650005073918278664
MeshCollider:
  m_ObjectHideFlags: 0
  m_CorrespondingSourceObject: {fileID: 0}
  m_PrefabInstance: {fileID: 0}
  m_PrefabAsset: {fileID: 0}
  m_GameObject: {fileID: 3295572054905147614}
  m_Material: {fileID: 0}
  m_IsTrigger: 0
  m_Enabled: 1
  serializedVersion: 4
  m_Convex: 0
  m_CookingOptions: 30
  m_Mesh: {fileID: 0}
--- !u!64 &9026760743570873203
MeshCollider:
  m_ObjectHideFlags: 0
  m_CorrespondingSourceObject: {fileID: 0}
  m_PrefabInstance: {fileID: 0}
  m_PrefabAsset: {fileID: 0}
  m_GameObject: {fileID: 3295572054968211002}
  m_Material: {fileID: 0}
  m_IsTrigger: 0
  m_Enabled: 1
  serializedVersion: 4
  m_Convex: 0
  m_CookingOptions: 30
  m_Mesh: {fileID: 0}
--- !u!64 &7457213215685446907
MeshCollider:
  m_ObjectHideFlags: 0
  m_CorrespondingSourceObject: {fileID: 0}
  m_PrefabInstance: {fileID: 0}
  m_PrefabAsset: {fileID: 0}
  m_GameObject: {fileID: 3295572055427046786}
  m_Material: {fileID: 0}
  m_IsTrigger: 0
  m_Enabled: 1
  serializedVersion: 4
  m_Convex: 0
  m_CookingOptions: 30
  m_Mesh: {fileID: 0}
--- !u!64 &2574368827602338542
MeshCollider:
  m_ObjectHideFlags: 0
  m_CorrespondingSourceObject: {fileID: 0}
  m_PrefabInstance: {fileID: 0}
  m_PrefabAsset: {fileID: 0}
  m_GameObject: {fileID: 3787462458806917864}
  m_Material: {fileID: 0}
  m_IsTrigger: 0
  m_Enabled: 1
  serializedVersion: 4
  m_Convex: 0
  m_CookingOptions: 30
  m_Mesh: {fileID: 4300000, guid: 3181fccfede61ff42910bc8db20fb227, type: 3}
--- !u!64 &1395223402099187113
MeshCollider:
  m_ObjectHideFlags: 0
  m_CorrespondingSourceObject: {fileID: 0}
  m_PrefabInstance: {fileID: 0}
  m_PrefabAsset: {fileID: 0}
  m_GameObject: {fileID: 6838987805313367690}
  m_Material: {fileID: 0}
  m_IsTrigger: 0
  m_Enabled: 1
  serializedVersion: 4
  m_Convex: 0
  m_CookingOptions: 30
  m_Mesh: {fileID: 0}
--- !u!64 &1072002091399908780
MeshCollider:
  m_ObjectHideFlags: 0
  m_CorrespondingSourceObject: {fileID: 0}
  m_PrefabInstance: {fileID: 0}
  m_PrefabAsset: {fileID: 0}
  m_GameObject: {fileID: 6838987805630395350}
  m_Material: {fileID: 0}
  m_IsTrigger: 0
  m_Enabled: 1
  serializedVersion: 4
  m_Convex: 0
  m_CookingOptions: 30
  m_Mesh: {fileID: 0}
--- !u!64 &1559961098818975865
MeshCollider:
  m_ObjectHideFlags: 0
  m_CorrespondingSourceObject: {fileID: 0}
  m_PrefabInstance: {fileID: 0}
  m_PrefabAsset: {fileID: 0}
  m_GameObject: {fileID: 6838987805693392178}
  m_Material: {fileID: 0}
  m_IsTrigger: 0
  m_Enabled: 1
  serializedVersion: 4
  m_Convex: 0
  m_CookingOptions: 30
  m_Mesh: {fileID: 0}
--- !u!64 &2753178606082549484
MeshCollider:
  m_ObjectHideFlags: 0
  m_CorrespondingSourceObject: {fileID: 0}
  m_PrefabInstance: {fileID: 0}
  m_PrefabAsset: {fileID: 0}
  m_GameObject: {fileID: 6838987806327351465}
  m_Material: {fileID: 0}
  m_IsTrigger: 0
  m_Enabled: 1
  serializedVersion: 4
  m_Convex: 0
  m_CookingOptions: 30
  m_Mesh: {fileID: 0}
--- !u!64 &4307617554563909760
MeshCollider:
  m_ObjectHideFlags: 0
  m_CorrespondingSourceObject: {fileID: 0}
  m_PrefabInstance: {fileID: 0}
  m_PrefabAsset: {fileID: 0}
  m_GameObject: {fileID: 6838987806389857869}
  m_Material: {fileID: 0}
  m_IsTrigger: 0
  m_Enabled: 1
  serializedVersion: 4
  m_Convex: 0
  m_CookingOptions: 30
  m_Mesh: {fileID: 0}
--- !u!64 &3192151554496278392
MeshCollider:
  m_ObjectHideFlags: 0
  m_CorrespondingSourceObject: {fileID: 0}
  m_PrefabInstance: {fileID: 0}
  m_PrefabAsset: {fileID: 0}
  m_GameObject: {fileID: 6838987806747076085}
  m_Material: {fileID: 0}
  m_IsTrigger: 0
  m_Enabled: 1
  serializedVersion: 4
  m_Convex: 0
  m_CookingOptions: 30
  m_Mesh: {fileID: 0}
--- !u!1 &7712463877216038060
GameObject:
  m_ObjectHideFlags: 0
  m_CorrespondingSourceObject: {fileID: 0}
  m_PrefabInstance: {fileID: 0}
  m_PrefabAsset: {fileID: 0}
  serializedVersion: 6
  m_Component:
  - component: {fileID: 7712463877216038063}
  m_Layer: 0
  m_Name: RW_LP_VP_GroupItem_Commode.001
  m_TagString: Untagged
  m_Icon: {fileID: 0}
  m_NavMeshLayer: 0
  m_StaticEditorFlags: 0
  m_IsActive: 1
--- !u!4 &7712463877216038063
Transform:
  m_ObjectHideFlags: 0
  m_CorrespondingSourceObject: {fileID: 0}
  m_PrefabInstance: {fileID: 0}
  m_PrefabAsset: {fileID: 0}
  m_GameObject: {fileID: 7712463877216038060}
  m_LocalRotation: {x: 0, y: 0, z: 0, w: 1}
  m_LocalPosition: {x: 0, y: 0, z: 0}
  m_LocalScale: {x: 1, y: 1, z: 1}
  m_Children:
  - {fileID: 6306657115298238078}
  - {fileID: 2317685677178759036}
  - {fileID: 2292489280360583844}
  - {fileID: 4941152005868383325}
  - {fileID: 2939015457643743612}
  - {fileID: 3787462458807404232}
  - {fileID: 6838987805942865055}
  - {fileID: 6838987806120384295}
  - {fileID: 6838987806057845187}
  - {fileID: 1956884720159276424}
  - {fileID: 3394195602626847415}
  m_Father: {fileID: 0}
  m_RootOrder: 0
  m_LocalEulerAnglesHint: {x: 0, y: 0, z: 0}
--- !u!1001 &7712463876423453609
PrefabInstance:
  m_ObjectHideFlags: 0
  serializedVersion: 2
  m_Modification:
    m_TransformParent: {fileID: 7712463877216038063}
    m_Modifications:
    - target: {fileID: 1428699180311285782, guid: 9184f4ebf40867b4782eb8dc27276398,
        type: 3}
      propertyPath: m_Materials.Array.data[0]
      value: 
      objectReference: {fileID: 2100000, guid: b82ff16cd7fc0944fad050067ee1a70d, type: 2}
    - target: {fileID: 3882342727967686277, guid: 9184f4ebf40867b4782eb8dc27276398,
        type: 3}
      propertyPath: m_Materials.Array.data[0]
      value: 
      objectReference: {fileID: 2100000, guid: b82ff16cd7fc0944fad050067ee1a70d, type: 2}
    - target: {fileID: 3882342728394611854, guid: 9184f4ebf40867b4782eb8dc27276398,
        type: 3}
      propertyPath: m_LocalPosition.x
      value: -0.023400307
      objectReference: {fileID: 0}
    - target: {fileID: 3882342728394611854, guid: 9184f4ebf40867b4782eb8dc27276398,
        type: 3}
      propertyPath: m_LocalPosition.y
      value: 0.8687
      objectReference: {fileID: 0}
    - target: {fileID: 3882342728394611854, guid: 9184f4ebf40867b4782eb8dc27276398,
        type: 3}
      propertyPath: m_LocalPosition.z
      value: 0.13219976
      objectReference: {fileID: 0}
    - target: {fileID: 3882342728394611854, guid: 9184f4ebf40867b4782eb8dc27276398,
        type: 3}
      propertyPath: m_LocalRotation.x
      value: -0
      objectReference: {fileID: 0}
    - target: {fileID: 3882342728394611854, guid: 9184f4ebf40867b4782eb8dc27276398,
        type: 3}
      propertyPath: m_LocalRotation.y
      value: -0
      objectReference: {fileID: 0}
    - target: {fileID: 3882342728394611854, guid: 9184f4ebf40867b4782eb8dc27276398,
        type: 3}
      propertyPath: m_LocalRotation.z
      value: -0
      objectReference: {fileID: 0}
    - target: {fileID: 3882342728394611854, guid: 9184f4ebf40867b4782eb8dc27276398,
        type: 3}
      propertyPath: m_LocalRotation.w
      value: 1
      objectReference: {fileID: 0}
    - target: {fileID: 3882342728394611854, guid: 9184f4ebf40867b4782eb8dc27276398,
        type: 3}
      propertyPath: m_RootOrder
      value: 7
      objectReference: {fileID: 0}
    - target: {fileID: 3882342728394611854, guid: 9184f4ebf40867b4782eb8dc27276398,
        type: 3}
      propertyPath: m_LocalEulerAnglesHint.x
      value: 0
      objectReference: {fileID: 0}
    - target: {fileID: 3882342728394611854, guid: 9184f4ebf40867b4782eb8dc27276398,
        type: 3}
      propertyPath: m_LocalEulerAnglesHint.y
      value: 0
      objectReference: {fileID: 0}
    - target: {fileID: 3882342728394611854, guid: 9184f4ebf40867b4782eb8dc27276398,
        type: 3}
      propertyPath: m_LocalEulerAnglesHint.z
      value: 0
      objectReference: {fileID: 0}
    - target: {fileID: 3882342728394611855, guid: 9184f4ebf40867b4782eb8dc27276398,
        type: 3}
      propertyPath: m_Name
      value: RW_LP_VP_Effect_FireCandle (1)
      objectReference: {fileID: 0}
    - target: {fileID: 3882342728664147430, guid: 9184f4ebf40867b4782eb8dc27276398,
        type: 3}
      propertyPath: m_Materials.Array.data[0]
      value: 
      objectReference: {fileID: 2100000, guid: b82ff16cd7fc0944fad050067ee1a70d, type: 2}
    m_RemovedComponents: []
  m_SourcePrefab: {fileID: 100100000, guid: 9184f4ebf40867b4782eb8dc27276398, type: 3}
--- !u!1 &6838987806389857869 stripped
GameObject:
  m_CorrespondingSourceObject: {fileID: 3882342728664147428, guid: 9184f4ebf40867b4782eb8dc27276398,
    type: 3}
  m_PrefabInstance: {fileID: 7712463876423453609}
  m_PrefabAsset: {fileID: 0}
--- !u!1 &3295572054968211002 stripped
GameObject:
  m_CorrespondingSourceObject: {fileID: 5094719456405691795, guid: 9184f4ebf40867b4782eb8dc27276398,
    type: 3}
  m_PrefabInstance: {fileID: 7712463876423453609}
  m_PrefabAsset: {fileID: 0}
--- !u!4 &6838987806120384295 stripped
Transform:
  m_CorrespondingSourceObject: {fileID: 3882342728394611854, guid: 9184f4ebf40867b4782eb8dc27276398,
    type: 3}
  m_PrefabInstance: {fileID: 7712463876423453609}
  m_PrefabAsset: {fileID: 0}
--- !u!1 &6838987805693392178 stripped
GameObject:
  m_CorrespondingSourceObject: {fileID: 3882342727967686299, guid: 9184f4ebf40867b4782eb8dc27276398,
    type: 3}
  m_PrefabInstance: {fileID: 7712463876423453609}
  m_PrefabAsset: {fileID: 0}
--- !u!1001 &7712463876433069352
PrefabInstance:
  m_ObjectHideFlags: 0
  serializedVersion: 2
  m_Modification:
    m_TransformParent: {fileID: 1956884720159276424}
    m_Modifications:
    - target: {fileID: 5539472185656787612, guid: 17ea016edfb34044da9f3c8443fe6e03,
        type: 3}
      propertyPath: m_LocalPosition.x
      value: -0.0324
      objectReference: {fileID: 0}
    - target: {fileID: 5539472185656787612, guid: 17ea016edfb34044da9f3c8443fe6e03,
        type: 3}
      propertyPath: m_LocalPosition.y
      value: 0.015999993
      objectReference: {fileID: 0}
    - target: {fileID: 5539472185656787612, guid: 17ea016edfb34044da9f3c8443fe6e03,
        type: 3}
      propertyPath: m_LocalPosition.z
      value: -0.092400014
      objectReference: {fileID: 0}
    - target: {fileID: 5539472185656787612, guid: 17ea016edfb34044da9f3c8443fe6e03,
        type: 3}
      propertyPath: m_LocalRotation.x
      value: -0.6960465
      objectReference: {fileID: 0}
    - target: {fileID: 5539472185656787612, guid: 17ea016edfb34044da9f3c8443fe6e03,
        type: 3}
      propertyPath: m_LocalRotation.y
      value: -0.124576636
      objectReference: {fileID: 0}
    - target: {fileID: 5539472185656787612, guid: 17ea016edfb34044da9f3c8443fe6e03,
        type: 3}
      propertyPath: m_LocalRotation.z
      value: -0.1245766
      objectReference: {fileID: 0}
    - target: {fileID: 5539472185656787612, guid: 17ea016edfb34044da9f3c8443fe6e03,
        type: 3}
      propertyPath: m_LocalRotation.w
      value: 0.69604653
      objectReference: {fileID: 0}
    - target: {fileID: 5539472185656787612, guid: 17ea016edfb34044da9f3c8443fe6e03,
        type: 3}
      propertyPath: m_RootOrder
      value: 1
      objectReference: {fileID: 0}
    - target: {fileID: 5539472185656787612, guid: 17ea016edfb34044da9f3c8443fe6e03,
        type: 3}
      propertyPath: m_LocalEulerAnglesHint.x
      value: -90.00001
      objectReference: {fileID: 0}
    - target: {fileID: 5539472185656787612, guid: 17ea016edfb34044da9f3c8443fe6e03,
        type: 3}
      propertyPath: m_LocalEulerAnglesHint.y
      value: 0
      objectReference: {fileID: 0}
    - target: {fileID: 5539472185656787612, guid: 17ea016edfb34044da9f3c8443fe6e03,
        type: 3}
      propertyPath: m_LocalEulerAnglesHint.z
      value: -20.294
      objectReference: {fileID: 0}
    - target: {fileID: 5539472185656787612, guid: 17ea016edfb34044da9f3c8443fe6e03,
        type: 3}
      propertyPath: m_LocalScale.x
      value: 1.7205999
      objectReference: {fileID: 0}
    - target: {fileID: 5539472185656787612, guid: 17ea016edfb34044da9f3c8443fe6e03,
        type: 3}
      propertyPath: m_LocalScale.y
      value: 1.7206012
      objectReference: {fileID: 0}
    - target: {fileID: 5539472185656787612, guid: 17ea016edfb34044da9f3c8443fe6e03,
        type: 3}
      propertyPath: m_LocalScale.z
      value: 1.720601
      objectReference: {fileID: 0}
    - target: {fileID: 5539472185656958652, guid: 17ea016edfb34044da9f3c8443fe6e03,
        type: 3}
      propertyPath: m_Name
      value: RW_LP_VP_Item_Lollipop.001
      objectReference: {fileID: 0}
    m_RemovedComponents: []
  m_SourcePrefab: {fileID: 100100000, guid: 17ea016edfb34044da9f3c8443fe6e03, type: 3}
--- !u!1001 &7712463876486745421
PrefabInstance:
  m_ObjectHideFlags: 0
  serializedVersion: 2
  m_Modification:
    m_TransformParent: {fileID: 7712463877216038063}
    m_Modifications:
    - target: {fileID: 1428699180311285782, guid: 9184f4ebf40867b4782eb8dc27276398,
        type: 3}
      propertyPath: m_Materials.Array.data[0]
      value: 
      objectReference: {fileID: 2100000, guid: b82ff16cd7fc0944fad050067ee1a70d, type: 2}
    - target: {fileID: 3882342727967686277, guid: 9184f4ebf40867b4782eb8dc27276398,
        type: 3}
      propertyPath: m_Materials.Array.data[0]
      value: 
      objectReference: {fileID: 2100000, guid: b82ff16cd7fc0944fad050067ee1a70d, type: 2}
    - target: {fileID: 3882342728394611854, guid: 9184f4ebf40867b4782eb8dc27276398,
        type: 3}
      propertyPath: m_LocalPosition.x
      value: -0.13239956
      objectReference: {fileID: 0}
    - target: {fileID: 3882342728394611854, guid: 9184f4ebf40867b4782eb8dc27276398,
        type: 3}
      propertyPath: m_LocalPosition.y
      value: 0.9058
      objectReference: {fileID: 0}
    - target: {fileID: 3882342728394611854, guid: 9184f4ebf40867b4782eb8dc27276398,
        type: 3}
      propertyPath: m_LocalPosition.z
      value: 0.098799706
      objectReference: {fileID: 0}
    - target: {fileID: 3882342728394611854, guid: 9184f4ebf40867b4782eb8dc27276398,
        type: 3}
      propertyPath: m_LocalRotation.x
      value: -0
      objectReference: {fileID: 0}
    - target: {fileID: 3882342728394611854, guid: 9184f4ebf40867b4782eb8dc27276398,
        type: 3}
      propertyPath: m_LocalRotation.y
      value: -0
      objectReference: {fileID: 0}
    - target: {fileID: 3882342728394611854, guid: 9184f4ebf40867b4782eb8dc27276398,
        type: 3}
      propertyPath: m_LocalRotation.z
      value: -0
      objectReference: {fileID: 0}
    - target: {fileID: 3882342728394611854, guid: 9184f4ebf40867b4782eb8dc27276398,
        type: 3}
      propertyPath: m_LocalRotation.w
      value: 1
      objectReference: {fileID: 0}
    - target: {fileID: 3882342728394611854, guid: 9184f4ebf40867b4782eb8dc27276398,
        type: 3}
      propertyPath: m_RootOrder
      value: 8
      objectReference: {fileID: 0}
    - target: {fileID: 3882342728394611854, guid: 9184f4ebf40867b4782eb8dc27276398,
        type: 3}
      propertyPath: m_LocalEulerAnglesHint.x
      value: 0
      objectReference: {fileID: 0}
    - target: {fileID: 3882342728394611854, guid: 9184f4ebf40867b4782eb8dc27276398,
        type: 3}
      propertyPath: m_LocalEulerAnglesHint.y
      value: 0
      objectReference: {fileID: 0}
    - target: {fileID: 3882342728394611854, guid: 9184f4ebf40867b4782eb8dc27276398,
        type: 3}
      propertyPath: m_LocalEulerAnglesHint.z
      value: 0
      objectReference: {fileID: 0}
    - target: {fileID: 3882342728394611855, guid: 9184f4ebf40867b4782eb8dc27276398,
        type: 3}
      propertyPath: m_Name
      value: RW_LP_VP_Effect_FireCandle (2)
      objectReference: {fileID: 0}
    - target: {fileID: 3882342728664147430, guid: 9184f4ebf40867b4782eb8dc27276398,
        type: 3}
      propertyPath: m_Materials.Array.data[0]
      value: 
      objectReference: {fileID: 2100000, guid: b82ff16cd7fc0944fad050067ee1a70d, type: 2}
    m_RemovedComponents: []
  m_SourcePrefab: {fileID: 100100000, guid: 9184f4ebf40867b4782eb8dc27276398, type: 3}
--- !u!1 &3295572054905147614 stripped
GameObject:
  m_CorrespondingSourceObject: {fileID: 5094719456405691795, guid: 9184f4ebf40867b4782eb8dc27276398,
    type: 3}
  m_PrefabInstance: {fileID: 7712463876486745421}
  m_PrefabAsset: {fileID: 0}
--- !u!4 &6838987806057845187 stripped
Transform:
  m_CorrespondingSourceObject: {fileID: 3882342728394611854, guid: 9184f4ebf40867b4782eb8dc27276398,
    type: 3}
  m_PrefabInstance: {fileID: 7712463876486745421}
  m_PrefabAsset: {fileID: 0}
--- !u!1 &6838987805630395350 stripped
GameObject:
  m_CorrespondingSourceObject: {fileID: 3882342727967686299, guid: 9184f4ebf40867b4782eb8dc27276398,
    type: 3}
  m_PrefabInstance: {fileID: 7712463876486745421}
  m_PrefabAsset: {fileID: 0}
--- !u!1 &6838987806327351465 stripped
GameObject:
  m_CorrespondingSourceObject: {fileID: 3882342728664147428, guid: 9184f4ebf40867b4782eb8dc27276398,
    type: 3}
  m_PrefabInstance: {fileID: 7712463876486745421}
  m_PrefabAsset: {fileID: 0}
--- !u!1001 &7712463876610774214
PrefabInstance:
  m_ObjectHideFlags: 0
  serializedVersion: 2
  m_Modification:
    m_TransformParent: {fileID: 7712463877216038063}
    m_Modifications:
    - target: {fileID: 3430144885000447163, guid: a86e2266410ebde47bde8cb38cf3798b,
        type: 3}
      propertyPath: m_Name
      value: RW_LP_VP_Item_ChocolateBar.002
      objectReference: {fileID: 0}
    - target: {fileID: 3430144885000550555, guid: a86e2266410ebde47bde8cb38cf3798b,
        type: 3}
      propertyPath: m_LocalPosition.x
      value: 0.115823746
      objectReference: {fileID: 0}
    - target: {fileID: 3430144885000550555, guid: a86e2266410ebde47bde8cb38cf3798b,
        type: 3}
      propertyPath: m_LocalPosition.y
      value: 0.7999
      objectReference: {fileID: 0}
    - target: {fileID: 3430144885000550555, guid: a86e2266410ebde47bde8cb38cf3798b,
        type: 3}
      propertyPath: m_LocalPosition.z
      value: -0.067305565
      objectReference: {fileID: 0}
    - target: {fileID: 3430144885000550555, guid: a86e2266410ebde47bde8cb38cf3798b,
        type: 3}
      propertyPath: m_LocalRotation.x
      value: 0.01744433
      objectReference: {fileID: 0}
    - target: {fileID: 3430144885000550555, guid: a86e2266410ebde47bde8cb38cf3798b,
        type: 3}
      propertyPath: m_LocalRotation.y
      value: 0.8658027
      objectReference: {fileID: 0}
    - target: {fileID: 3430144885000550555, guid: a86e2266410ebde47bde8cb38cf3798b,
        type: 3}
      propertyPath: m_LocalRotation.z
      value: -0.062009882
      objectReference: {fileID: 0}
    - target: {fileID: 3430144885000550555, guid: a86e2266410ebde47bde8cb38cf3798b,
        type: 3}
      propertyPath: m_LocalRotation.w
      value: 0.496222
      objectReference: {fileID: 0}
    - target: {fileID: 3430144885000550555, guid: a86e2266410ebde47bde8cb38cf3798b,
        type: 3}
      propertyPath: m_RootOrder
      value: 3
      objectReference: {fileID: 0}
    - target: {fileID: 3430144885000550555, guid: a86e2266410ebde47bde8cb38cf3798b,
        type: 3}
      propertyPath: m_LocalEulerAnglesHint.x
      value: 7.163
      objectReference: {fileID: 0}
    - target: {fileID: 3430144885000550555, guid: a86e2266410ebde47bde8cb38cf3798b,
        type: 3}
      propertyPath: m_LocalEulerAnglesHint.y
      value: 120.25001
      objectReference: {fileID: 0}
    - target: {fileID: 3430144885000550555, guid: a86e2266410ebde47bde8cb38cf3798b,
        type: 3}
      propertyPath: m_LocalEulerAnglesHint.z
      value: -1.8100001
      objectReference: {fileID: 0}
    - target: {fileID: 3430144885000550555, guid: a86e2266410ebde47bde8cb38cf3798b,
        type: 3}
      propertyPath: m_LocalScale.x
      value: 0.53352195
      objectReference: {fileID: 0}
    - target: {fileID: 3430144885000550555, guid: a86e2266410ebde47bde8cb38cf3798b,
        type: 3}
      propertyPath: m_LocalScale.y
      value: 0.5335217
      objectReference: {fileID: 0}
    - target: {fileID: 3430144885000550555, guid: a86e2266410ebde47bde8cb38cf3798b,
        type: 3}
      propertyPath: m_LocalScale.z
      value: 0.53352183
      objectReference: {fileID: 0}
    m_RemovedComponents: []
  m_SourcePrefab: {fileID: 100100000, guid: a86e2266410ebde47bde8cb38cf3798b, type: 3}
--- !u!4 &4941152005868383325 stripped
Transform:
  m_CorrespondingSourceObject: {fileID: 3430144885000550555, guid: a86e2266410ebde47bde8cb38cf3798b,
    type: 3}
  m_PrefabInstance: {fileID: 7712463876610774214}
  m_PrefabAsset: {fileID: 0}
--- !u!1001 &7712463876666095504
PrefabInstance:
  m_ObjectHideFlags: 0
  serializedVersion: 2
  m_Modification:
    m_TransformParent: {fileID: 7712463877216038063}
    m_Modifications:
    - target: {fileID: 4905185126917526823, guid: 4f137dc106ce75843aed8fddcc7ae8b8,
        type: 3}
      propertyPath: m_LocalPosition.x
      value: 0
      objectReference: {fileID: 0}
    - target: {fileID: 4905185126917526823, guid: 4f137dc106ce75843aed8fddcc7ae8b8,
        type: 3}
      propertyPath: m_LocalPosition.y
      value: 0
      objectReference: {fileID: 0}
    - target: {fileID: 4905185126917526823, guid: 4f137dc106ce75843aed8fddcc7ae8b8,
        type: 3}
      propertyPath: m_LocalPosition.z
      value: 0
      objectReference: {fileID: 0}
    - target: {fileID: 4905185126917526823, guid: 4f137dc106ce75843aed8fddcc7ae8b8,
        type: 3}
      propertyPath: m_LocalRotation.x
      value: -0
      objectReference: {fileID: 0}
    - target: {fileID: 4905185126917526823, guid: 4f137dc106ce75843aed8fddcc7ae8b8,
        type: 3}
      propertyPath: m_LocalRotation.y
      value: 0.7071068
      objectReference: {fileID: 0}
    - target: {fileID: 4905185126917526823, guid: 4f137dc106ce75843aed8fddcc7ae8b8,
        type: 3}
      propertyPath: m_LocalRotation.z
      value: -0
      objectReference: {fileID: 0}
    - target: {fileID: 4905185126917526823, guid: 4f137dc106ce75843aed8fddcc7ae8b8,
        type: 3}
      propertyPath: m_LocalRotation.w
      value: 0.7071068
      objectReference: {fileID: 0}
    - target: {fileID: 4905185126917526823, guid: 4f137dc106ce75843aed8fddcc7ae8b8,
        type: 3}
      propertyPath: m_RootOrder
      value: 10
      objectReference: {fileID: 0}
    - target: {fileID: 4905185126917526823, guid: 4f137dc106ce75843aed8fddcc7ae8b8,
        type: 3}
      propertyPath: m_LocalEulerAnglesHint.x
      value: 0
      objectReference: {fileID: 0}
    - target: {fileID: 4905185126917526823, guid: 4f137dc106ce75843aed8fddcc7ae8b8,
        type: 3}
      propertyPath: m_LocalEulerAnglesHint.y
      value: 90
      objectReference: {fileID: 0}
    - target: {fileID: 4905185126917526823, guid: 4f137dc106ce75843aed8fddcc7ae8b8,
        type: 3}
      propertyPath: m_LocalEulerAnglesHint.z
      value: 0
      objectReference: {fileID: 0}
    - target: {fileID: 4905185126917687559, guid: 4f137dc106ce75843aed8fddcc7ae8b8,
        type: 3}
      propertyPath: m_Name
      value: RW_LP_VP_Item_Commode
      objectReference: {fileID: 0}
    m_RemovedComponents: []
  m_SourcePrefab: {fileID: 100100000, guid: 4f137dc106ce75843aed8fddcc7ae8b8, type: 3}
--- !u!4 &3394195602626847415 stripped
Transform:
  m_CorrespondingSourceObject: {fileID: 4905185126917526823, guid: 4f137dc106ce75843aed8fddcc7ae8b8,
    type: 3}
  m_PrefabInstance: {fileID: 7712463876666095504}
  m_PrefabAsset: {fileID: 0}
--- !u!1001 &7712463876842569745
PrefabInstance:
  m_ObjectHideFlags: 0
  serializedVersion: 2
  m_Modification:
    m_TransformParent: {fileID: 7712463877216038063}
    m_Modifications:
    - target: {fileID: 1428699180311285782, guid: 9184f4ebf40867b4782eb8dc27276398,
        type: 3}
      propertyPath: m_Materials.Array.data[0]
      value: 
      objectReference: {fileID: 2100000, guid: b82ff16cd7fc0944fad050067ee1a70d, type: 2}
    - target: {fileID: 3882342727967686277, guid: 9184f4ebf40867b4782eb8dc27276398,
        type: 3}
      propertyPath: m_Materials.Array.data[0]
      value: 
      objectReference: {fileID: 2100000, guid: b82ff16cd7fc0944fad050067ee1a70d, type: 2}
    - target: {fileID: 3882342728394611854, guid: 9184f4ebf40867b4782eb8dc27276398,
        type: 3}
      propertyPath: m_LocalPosition.x
      value: -0.033999443
      objectReference: {fileID: 0}
    - target: {fileID: 3882342728394611854, guid: 9184f4ebf40867b4782eb8dc27276398,
        type: 3}
      propertyPath: m_LocalPosition.y
      value: 0.889
      objectReference: {fileID: 0}
    - target: {fileID: 3882342728394611854, guid: 9184f4ebf40867b4782eb8dc27276398,
        type: 3}
      propertyPath: m_LocalPosition.z
      value: 0.17889977
      objectReference: {fileID: 0}
    - target: {fileID: 3882342728394611854, guid: 9184f4ebf40867b4782eb8dc27276398,
        type: 3}
      propertyPath: m_LocalRotation.x
      value: -0
      objectReference: {fileID: 0}
    - target: {fileID: 3882342728394611854, guid: 9184f4ebf40867b4782eb8dc27276398,
        type: 3}
      propertyPath: m_LocalRotation.y
      value: -0
      objectReference: {fileID: 0}
    - target: {fileID: 3882342728394611854, guid: 9184f4ebf40867b4782eb8dc27276398,
        type: 3}
      propertyPath: m_LocalRotation.z
      value: -0
      objectReference: {fileID: 0}
    - target: {fileID: 3882342728394611854, guid: 9184f4ebf40867b4782eb8dc27276398,
        type: 3}
      propertyPath: m_LocalRotation.w
      value: 1
      objectReference: {fileID: 0}
    - target: {fileID: 3882342728394611854, guid: 9184f4ebf40867b4782eb8dc27276398,
        type: 3}
      propertyPath: m_RootOrder
      value: 6
      objectReference: {fileID: 0}
    - target: {fileID: 3882342728394611854, guid: 9184f4ebf40867b4782eb8dc27276398,
        type: 3}
      propertyPath: m_LocalEulerAnglesHint.x
      value: 0
      objectReference: {fileID: 0}
    - target: {fileID: 3882342728394611854, guid: 9184f4ebf40867b4782eb8dc27276398,
        type: 3}
      propertyPath: m_LocalEulerAnglesHint.y
      value: 0
      objectReference: {fileID: 0}
    - target: {fileID: 3882342728394611854, guid: 9184f4ebf40867b4782eb8dc27276398,
        type: 3}
      propertyPath: m_LocalEulerAnglesHint.z
      value: 0
      objectReference: {fileID: 0}
    - target: {fileID: 3882342728394611855, guid: 9184f4ebf40867b4782eb8dc27276398,
        type: 3}
      propertyPath: m_Name
      value: RW_LP_VP_Effect_FireCandle
      objectReference: {fileID: 0}
    - target: {fileID: 3882342728664147430, guid: 9184f4ebf40867b4782eb8dc27276398,
        type: 3}
      propertyPath: m_Materials.Array.data[0]
      value: 
      objectReference: {fileID: 2100000, guid: b82ff16cd7fc0944fad050067ee1a70d, type: 2}
    m_RemovedComponents: []
  m_SourcePrefab: {fileID: 100100000, guid: 9184f4ebf40867b4782eb8dc27276398, type: 3}
--- !u!1 &6838987806747076085 stripped
GameObject:
  m_CorrespondingSourceObject: {fileID: 3882342728664147428, guid: 9184f4ebf40867b4782eb8dc27276398,
    type: 3}
  m_PrefabInstance: {fileID: 7712463876842569745}
  m_PrefabAsset: {fileID: 0}
--- !u!1 &3295572055427046786 stripped
GameObject:
  m_CorrespondingSourceObject: {fileID: 5094719456405691795, guid: 9184f4ebf40867b4782eb8dc27276398,
    type: 3}
  m_PrefabInstance: {fileID: 7712463876842569745}
  m_PrefabAsset: {fileID: 0}
--- !u!1 &6838987805313367690 stripped
GameObject:
  m_CorrespondingSourceObject: {fileID: 3882342727967686299, guid: 9184f4ebf40867b4782eb8dc27276398,
    type: 3}
  m_PrefabInstance: {fileID: 7712463876842569745}
  m_PrefabAsset: {fileID: 0}
--- !u!4 &6838987805942865055 stripped
Transform:
  m_CorrespondingSourceObject: {fileID: 3882342728394611854, guid: 9184f4ebf40867b4782eb8dc27276398,
    type: 3}
  m_PrefabInstance: {fileID: 7712463876842569745}
  m_PrefabAsset: {fileID: 0}
--- !u!1001 &7712463876855287786
PrefabInstance:
  m_ObjectHideFlags: 0
  serializedVersion: 2
  m_Modification:
    m_TransformParent: {fileID: 1956884720159276424}
    m_Modifications:
    - target: {fileID: 4088442630814515212, guid: 760cbf22adb79004a91963c02f0e9e3f,
        type: 3}
      propertyPath: m_LocalPosition.x
      value: -0.1433
      objectReference: {fileID: 0}
    - target: {fileID: 4088442630814515212, guid: 760cbf22adb79004a91963c02f0e9e3f,
        type: 3}
      propertyPath: m_LocalPosition.y
      value: 0.0207
      objectReference: {fileID: 0}
    - target: {fileID: 4088442630814515212, guid: 760cbf22adb79004a91963c02f0e9e3f,
        type: 3}
      propertyPath: m_LocalPosition.z
      value: -0.025000036
      objectReference: {fileID: 0}
    - target: {fileID: 4088442630814515212, guid: 760cbf22adb79004a91963c02f0e9e3f,
        type: 3}
      propertyPath: m_LocalRotation.x
      value: -0.67904603
      objectReference: {fileID: 0}
    - target: {fileID: 4088442630814515212, guid: 760cbf22adb79004a91963c02f0e9e3f,
        type: 3}
      propertyPath: m_LocalRotation.y
      value: 0.19722186
      objectReference: {fileID: 0}
    - target: {fileID: 4088442630814515212, guid: 760cbf22adb79004a91963c02f0e9e3f,
        type: 3}
      propertyPath: m_LocalRotation.z
      value: 0.1972218
      objectReference: {fileID: 0}
    - target: {fileID: 4088442630814515212, guid: 760cbf22adb79004a91963c02f0e9e3f,
        type: 3}
      propertyPath: m_LocalRotation.w
      value: 0.6790461
      objectReference: {fileID: 0}
    - target: {fileID: 4088442630814515212, guid: 760cbf22adb79004a91963c02f0e9e3f,
        type: 3}
      propertyPath: m_RootOrder
      value: 0
      objectReference: {fileID: 0}
    - target: {fileID: 4088442630814515212, guid: 760cbf22adb79004a91963c02f0e9e3f,
        type: 3}
      propertyPath: m_LocalEulerAnglesHint.x
      value: -90.00001
      objectReference: {fileID: 0}
    - target: {fileID: 4088442630814515212, guid: 760cbf22adb79004a91963c02f0e9e3f,
        type: 3}
      propertyPath: m_LocalEulerAnglesHint.y
      value: 0
      objectReference: {fileID: 0}
    - target: {fileID: 4088442630814515212, guid: 760cbf22adb79004a91963c02f0e9e3f,
        type: 3}
      propertyPath: m_LocalEulerAnglesHint.z
      value: 32.391003
      objectReference: {fileID: 0}
    - target: {fileID: 4088442630814515212, guid: 760cbf22adb79004a91963c02f0e9e3f,
        type: 3}
      propertyPath: m_LocalScale.x
      value: 1.7206001
      objectReference: {fileID: 0}
    - target: {fileID: 4088442630814515212, guid: 760cbf22adb79004a91963c02f0e9e3f,
        type: 3}
      propertyPath: m_LocalScale.y
      value: 1.7206001
      objectReference: {fileID: 0}
    - target: {fileID: 4088442630814515212, guid: 760cbf22adb79004a91963c02f0e9e3f,
        type: 3}
      propertyPath: m_LocalScale.z
      value: 1.7206
      objectReference: {fileID: 0}
    - target: {fileID: 4088442630814620716, guid: 760cbf22adb79004a91963c02f0e9e3f,
        type: 3}
      propertyPath: m_Name
      value: RW_LP_VP_Item_Lollipop.004
      objectReference: {fileID: 0}
    m_RemovedComponents: []
  m_SourcePrefab: {fileID: 100100000, guid: 760cbf22adb79004a91963c02f0e9e3f, type: 3}
--- !u!1001 &7712463876994251618
PrefabInstance:
  m_ObjectHideFlags: 0
  serializedVersion: 2
  m_Modification:
    m_TransformParent: {fileID: 7712463877216038063}
    m_Modifications:
    - target: {fileID: 6883725653868412330, guid: bc2443ac4da1bfd41a5af86002c33f81,
        type: 3}
      propertyPath: m_LocalPosition.x
      value: -0.07199955
      objectReference: {fileID: 0}
    - target: {fileID: 6883725653868412330, guid: bc2443ac4da1bfd41a5af86002c33f81,
        type: 3}
      propertyPath: m_LocalPosition.y
      value: 0.79503
      objectReference: {fileID: 0}
    - target: {fileID: 6883725653868412330, guid: bc2443ac4da1bfd41a5af86002c33f81,
        type: 3}
      propertyPath: m_LocalPosition.z
      value: 0.15219975
      objectReference: {fileID: 0}
    - target: {fileID: 6883725653868412330, guid: bc2443ac4da1bfd41a5af86002c33f81,
        type: 3}
      propertyPath: m_LocalRotation.x
      value: 5.4351983e-17
      objectReference: {fileID: 0}
    - target: {fileID: 6883725653868412330, guid: bc2443ac4da1bfd41a5af86002c33f81,
        type: 3}
      propertyPath: m_LocalRotation.y
      value: 0.89264053
      objectReference: {fileID: 0}
    - target: {fileID: 6883725653868412330, guid: bc2443ac4da1bfd41a5af86002c33f81,
        type: 3}
      propertyPath: m_LocalRotation.z
      value: 0.00000010641103
      objectReference: {fileID: 0}
    - target: {fileID: 6883725653868412330, guid: bc2443ac4da1bfd41a5af86002c33f81,
        type: 3}
      propertyPath: m_LocalRotation.w
      value: 0.45076928
      objectReference: {fileID: 0}
    - target: {fileID: 6883725653868412330, guid: bc2443ac4da1bfd41a5af86002c33f81,
        type: 3}
      propertyPath: m_RootOrder
      value: 5
      objectReference: {fileID: 0}
    - target: {fileID: 6883725653868412330, guid: bc2443ac4da1bfd41a5af86002c33f81,
        type: 3}
      propertyPath: m_LocalEulerAnglesHint.x
      value: 0
      objectReference: {fileID: 0}
    - target: {fileID: 6883725653868412330, guid: bc2443ac4da1bfd41a5af86002c33f81,
        type: 3}
      propertyPath: m_LocalEulerAnglesHint.y
      value: 126.41401
      objectReference: {fileID: 0}
    - target: {fileID: 6883725653868412330, guid: bc2443ac4da1bfd41a5af86002c33f81,
        type: 3}
      propertyPath: m_LocalEulerAnglesHint.z
      value: 0
      objectReference: {fileID: 0}
    - target: {fileID: 6883725653868412330, guid: bc2443ac4da1bfd41a5af86002c33f81,
        type: 3}
      propertyPath: m_LocalScale.x
      value: 0.7789296
      objectReference: {fileID: 0}
    - target: {fileID: 6883725653868412330, guid: bc2443ac4da1bfd41a5af86002c33f81,
        type: 3}
      propertyPath: m_LocalScale.y
      value: 0.77893
      objectReference: {fileID: 0}
    - target: {fileID: 6883725653868412330, guid: bc2443ac4da1bfd41a5af86002c33f81,
        type: 3}
      propertyPath: m_LocalScale.z
      value: 0.7789296
      objectReference: {fileID: 0}
    - target: {fileID: 6883725653868700042, guid: bc2443ac4da1bfd41a5af86002c33f81,
        type: 3}
      propertyPath: m_Name
      value: RW_LP_VP_Item_CandleGroupFlameless.002
      objectReference: {fileID: 0}
    - target: {fileID: 6883725653870706506, guid: bc2443ac4da1bfd41a5af86002c33f81,
        type: 3}
      propertyPath: m_Materials.Array.data[0]
      value: 
      objectReference: {fileID: 2100000, guid: b82ff16cd7fc0944fad050067ee1a70d, type: 2}
    m_RemovedComponents: []
  m_SourcePrefab: {fileID: 100100000, guid: bc2443ac4da1bfd41a5af86002c33f81, type: 3}
--- !u!1 &3787462458806917864 stripped
GameObject:
  m_CorrespondingSourceObject: {fileID: 6883725653868700042, guid: bc2443ac4da1bfd41a5af86002c33f81,
    type: 3}
  m_PrefabInstance: {fileID: 7712463876994251618}
  m_PrefabAsset: {fileID: 0}
--- !u!4 &3787462458807404232 stripped
Transform:
  m_CorrespondingSourceObject: {fileID: 6883725653868412330, guid: bc2443ac4da1bfd41a5af86002c33f81,
    type: 3}
  m_PrefabInstance: {fileID: 7712463876994251618}
  m_PrefabAsset: {fileID: 0}
--- !u!1001 &7712463877048789440
PrefabInstance:
  m_ObjectHideFlags: 0
  serializedVersion: 2
  m_Modification:
    m_TransformParent: {fileID: 1956884720159276424}
    m_Modifications:
    - target: {fileID: 1643918163183397770, guid: 357756dc9ebcb104988ca2d5e5039919,
        type: 3}
      propertyPath: m_LocalPosition.x
      value: 0.0113
      objectReference: {fileID: 0}
    - target: {fileID: 1643918163183397770, guid: 357756dc9ebcb104988ca2d5e5039919,
        type: 3}
      propertyPath: m_LocalPosition.y
      value: 0.011400014
      objectReference: {fileID: 0}
    - target: {fileID: 1643918163183397770, guid: 357756dc9ebcb104988ca2d5e5039919,
        type: 3}
      propertyPath: m_LocalPosition.z
      value: 0.06040001
      objectReference: {fileID: 0}
    - target: {fileID: 1643918163183397770, guid: 357756dc9ebcb104988ca2d5e5039919,
        type: 3}
      propertyPath: m_LocalRotation.x
      value: -0
      objectReference: {fileID: 0}
    - target: {fileID: 1643918163183397770, guid: 357756dc9ebcb104988ca2d5e5039919,
        type: 3}
      propertyPath: m_LocalRotation.y
      value: -0.6402317
      objectReference: {fileID: 0}
    - target: {fileID: 1643918163183397770, guid: 357756dc9ebcb104988ca2d5e5039919,
        type: 3}
      propertyPath: m_LocalRotation.z
      value: -0
      objectReference: {fileID: 0}
    - target: {fileID: 1643918163183397770, guid: 357756dc9ebcb104988ca2d5e5039919,
        type: 3}
      propertyPath: m_LocalRotation.w
      value: 0.76818186
      objectReference: {fileID: 0}
    - target: {fileID: 1643918163183397770, guid: 357756dc9ebcb104988ca2d5e5039919,
        type: 3}
      propertyPath: m_RootOrder
      value: 6
      objectReference: {fileID: 0}
    - target: {fileID: 1643918163183397770, guid: 357756dc9ebcb104988ca2d5e5039919,
        type: 3}
      propertyPath: m_LocalEulerAnglesHint.x
      value: 0
      objectReference: {fileID: 0}
    - target: {fileID: 1643918163183397770, guid: 357756dc9ebcb104988ca2d5e5039919,
        type: 3}
      propertyPath: m_LocalEulerAnglesHint.y
      value: -79.618004
      objectReference: {fileID: 0}
    - target: {fileID: 1643918163183397770, guid: 357756dc9ebcb104988ca2d5e5039919,
        type: 3}
      propertyPath: m_LocalEulerAnglesHint.z
      value: 0
      objectReference: {fileID: 0}
    - target: {fileID: 1643918163183397770, guid: 357756dc9ebcb104988ca2d5e5039919,
        type: 3}
      propertyPath: m_LocalScale.x
      value: 1.7206002
      objectReference: {fileID: 0}
    - target: {fileID: 1643918163183397770, guid: 357756dc9ebcb104988ca2d5e5039919,
        type: 3}
      propertyPath: m_LocalScale.y
      value: 1.7206
      objectReference: {fileID: 0}
    - target: {fileID: 1643918163183397770, guid: 357756dc9ebcb104988ca2d5e5039919,
        type: 3}
      propertyPath: m_LocalScale.z
      value: 1.7206002
      objectReference: {fileID: 0}
    - target: {fileID: 1643918163183433642, guid: 357756dc9ebcb104988ca2d5e5039919,
        type: 3}
      propertyPath: m_Name
      value: RW_LP_VP_Item_StrawberryWithCup.003 (1)
      objectReference: {fileID: 0}
    m_RemovedComponents: []
  m_SourcePrefab: {fileID: 100100000, guid: 357756dc9ebcb104988ca2d5e5039919, type: 3}
--- !u!1001 &7712463877421542118
PrefabInstance:
  m_ObjectHideFlags: 0
  serializedVersion: 2
  m_Modification:
    m_TransformParent: {fileID: 7712463877216038063}
    m_Modifications:
    - target: {fileID: 8079577854486121294, guid: 59e020d309a82fe46bccfec8941916c8,
        type: 3}
      propertyPath: m_Name
      value: RW_LP_VP_Item_Plate.001
      objectReference: {fileID: 0}
    - target: {fileID: 8079577854486353774, guid: 59e020d309a82fe46bccfec8941916c8,
        type: 3}
      propertyPath: m_RootOrder
      value: 9
      objectReference: {fileID: 0}
    - target: {fileID: 8079577854486353774, guid: 59e020d309a82fe46bccfec8941916c8,
        type: 3}
      propertyPath: m_LocalPosition.x
      value: -0.07129955
      objectReference: {fileID: 0}
    - target: {fileID: 8079577854486353774, guid: 59e020d309a82fe46bccfec8941916c8,
        type: 3}
      propertyPath: m_LocalPosition.y
      value: 0.7986
      objectReference: {fileID: 0}
    - target: {fileID: 8079577854486353774, guid: 59e020d309a82fe46bccfec8941916c8,
        type: 3}
      propertyPath: m_LocalPosition.z
      value: -0.10860014
      objectReference: {fileID: 0}
    - target: {fileID: 8079577854486353774, guid: 59e020d309a82fe46bccfec8941916c8,
        type: 3}
      propertyPath: m_LocalRotation.w
      value: 0.81950164
      objectReference: {fileID: 0}
    - target: {fileID: 8079577854486353774, guid: 59e020d309a82fe46bccfec8941916c8,
        type: 3}
      propertyPath: m_LocalRotation.x
      value: -0
      objectReference: {fileID: 0}
    - target: {fileID: 8079577854486353774, guid: 59e020d309a82fe46bccfec8941916c8,
        type: 3}
      propertyPath: m_LocalRotation.y
      value: 0.57307684
      objectReference: {fileID: 0}
    - target: {fileID: 8079577854486353774, guid: 59e020d309a82fe46bccfec8941916c8,
        type: 3}
      propertyPath: m_LocalRotation.z
      value: -0
      objectReference: {fileID: 0}
    - target: {fileID: 8079577854486353774, guid: 59e020d309a82fe46bccfec8941916c8,
        type: 3}
      propertyPath: m_LocalEulerAnglesHint.x
      value: 0
      objectReference: {fileID: 0}
    - target: {fileID: 8079577854486353774, guid: 59e020d309a82fe46bccfec8941916c8,
        type: 3}
      propertyPath: m_LocalEulerAnglesHint.y
      value: 69.93
      objectReference: {fileID: 0}
    - target: {fileID: 8079577854486353774, guid: 59e020d309a82fe46bccfec8941916c8,
        type: 3}
      propertyPath: m_LocalEulerAnglesHint.z
      value: 0
      objectReference: {fileID: 0}
    - target: {fileID: 8079577854486353774, guid: 59e020d309a82fe46bccfec8941916c8,
        type: 3}
      propertyPath: m_LocalScale.x
      value: 0.40373263
      objectReference: {fileID: 0}
    - target: {fileID: 8079577854486353774, guid: 59e020d309a82fe46bccfec8941916c8,
        type: 3}
      propertyPath: m_LocalScale.y
      value: 0.40373263
      objectReference: {fileID: 0}
    - target: {fileID: 8079577854486353774, guid: 59e020d309a82fe46bccfec8941916c8,
        type: 3}
      propertyPath: m_LocalScale.z
      value: 0.40373263
      objectReference: {fileID: 0}
    m_RemovedComponents: []
  m_SourcePrefab: {fileID: 100100000, guid: 59e020d309a82fe46bccfec8941916c8, type: 3}
--- !u!4 &1956884720159276424 stripped
Transform:
  m_CorrespondingSourceObject: {fileID: 8079577854486353774, guid: 59e020d309a82fe46bccfec8941916c8,
    type: 3}
  m_PrefabInstance: {fileID: 7712463877421542118}
  m_PrefabAsset: {fileID: 0}
--- !u!1001 &7712463877489187287
PrefabInstance:
  m_ObjectHideFlags: 0
  serializedVersion: 2
  m_Modification:
    m_TransformParent: {fileID: 7712463877216038063}
    m_Modifications:
    - target: {fileID: 8419659627713091411, guid: 1eb66df4794ee2c4e83945c290e25520,
        type: 3}
      propertyPath: m_Name
      value: RW_LP_VP_Item_GiftBox.002
      objectReference: {fileID: 0}
    - target: {fileID: 8419659627713448819, guid: 1eb66df4794ee2c4e83945c290e25520,
        type: 3}
      propertyPath: m_LocalPosition.x
      value: 0.06400013
      objectReference: {fileID: 0}
    - target: {fileID: 8419659627713448819, guid: 1eb66df4794ee2c4e83945c290e25520,
        type: 3}
      propertyPath: m_LocalPosition.y
      value: 0.33305
      objectReference: {fileID: 0}
    - target: {fileID: 8419659627713448819, guid: 1eb66df4794ee2c4e83945c290e25520,
        type: 3}
      propertyPath: m_LocalPosition.z
      value: -0.061000347
      objectReference: {fileID: 0}
    - target: {fileID: 8419659627713448819, guid: 1eb66df4794ee2c4e83945c290e25520,
        type: 3}
      propertyPath: m_LocalRotation.x
      value: -0
      objectReference: {fileID: 0}
    - target: {fileID: 8419659627713448819, guid: 1eb66df4794ee2c4e83945c290e25520,
        type: 3}
      propertyPath: m_LocalRotation.y
      value: -0
      objectReference: {fileID: 0}
    - target: {fileID: 8419659627713448819, guid: 1eb66df4794ee2c4e83945c290e25520,
        type: 3}
      propertyPath: m_LocalRotation.z
      value: -0
      objectReference: {fileID: 0}
    - target: {fileID: 8419659627713448819, guid: 1eb66df4794ee2c4e83945c290e25520,
        type: 3}
      propertyPath: m_LocalRotation.w
      value: 1
      objectReference: {fileID: 0}
    - target: {fileID: 8419659627713448819, guid: 1eb66df4794ee2c4e83945c290e25520,
        type: 3}
      propertyPath: m_RootOrder
      value: 2
      objectReference: {fileID: 0}
    - target: {fileID: 8419659627713448819, guid: 1eb66df4794ee2c4e83945c290e25520,
        type: 3}
      propertyPath: m_LocalEulerAnglesHint.x
      value: 0
      objectReference: {fileID: 0}
    - target: {fileID: 8419659627713448819, guid: 1eb66df4794ee2c4e83945c290e25520,
        type: 3}
      propertyPath: m_LocalEulerAnglesHint.y
      value: 0
      objectReference: {fileID: 0}
    - target: {fileID: 8419659627713448819, guid: 1eb66df4794ee2c4e83945c290e25520,
        type: 3}
      propertyPath: m_LocalEulerAnglesHint.z
      value: 0
      objectReference: {fileID: 0}
    - target: {fileID: 8419659627713448819, guid: 1eb66df4794ee2c4e83945c290e25520,
        type: 3}
      propertyPath: m_LocalScale.x
      value: 0.27687597
      objectReference: {fileID: 0}
    - target: {fileID: 8419659627713448819, guid: 1eb66df4794ee2c4e83945c290e25520,
        type: 3}
      propertyPath: m_LocalScale.y
      value: 0.27687597
      objectReference: {fileID: 0}
    - target: {fileID: 8419659627713448819, guid: 1eb66df4794ee2c4e83945c290e25520,
        type: 3}
      propertyPath: m_LocalScale.z
      value: 0.27687597
      objectReference: {fileID: 0}
    m_RemovedComponents: []
  m_SourcePrefab: {fileID: 100100000, guid: 1eb66df4794ee2c4e83945c290e25520, type: 3}
--- !u!4 &2292489280360583844 stripped
Transform:
  m_CorrespondingSourceObject: {fileID: 8419659627713448819, guid: 1eb66df4794ee2c4e83945c290e25520,
    type: 3}
  m_PrefabInstance: {fileID: 7712463877489187287}
  m_PrefabAsset: {fileID: 0}
--- !u!1001 &7712463877591551790
PrefabInstance:
  m_ObjectHideFlags: 0
  serializedVersion: 2
  m_Modification:
    m_TransformParent: {fileID: 7712463877216038063}
    m_Modifications:
    - target: {fileID: 4363304364742984016, guid: d3e1fa8968e280a45a70eabf358fad88,
        type: 3}
      propertyPath: m_LocalPosition.x
      value: -0.01099968
      objectReference: {fileID: 0}
    - target: {fileID: 4363304364742984016, guid: d3e1fa8968e280a45a70eabf358fad88,
        type: 3}
      propertyPath: m_LocalPosition.y
      value: 0.793
      objectReference: {fileID: 0}
    - target: {fileID: 4363304364742984016, guid: d3e1fa8968e280a45a70eabf358fad88,
        type: 3}
      propertyPath: m_LocalPosition.z
      value: -0.0009999275
      objectReference: {fileID: 0}
    - target: {fileID: 4363304364742984016, guid: d3e1fa8968e280a45a70eabf358fad88,
        type: 3}
      propertyPath: m_LocalRotation.x
      value: -0
      objectReference: {fileID: 0}
    - target: {fileID: 4363304364742984016, guid: d3e1fa8968e280a45a70eabf358fad88,
        type: 3}
      propertyPath: m_LocalRotation.y
      value: 0.7071068
      objectReference: {fileID: 0}
    - target: {fileID: 4363304364742984016, guid: d3e1fa8968e280a45a70eabf358fad88,
        type: 3}
      propertyPath: m_LocalRotation.z
      value: -0
      objectReference: {fileID: 0}
    - target: {fileID: 4363304364742984016, guid: d3e1fa8968e280a45a70eabf358fad88,
        type: 3}
      propertyPath: m_LocalRotation.w
      value: 0.7071068
      objectReference: {fileID: 0}
    - target: {fileID: 4363304364742984016, guid: d3e1fa8968e280a45a70eabf358fad88,
        type: 3}
      propertyPath: m_RootOrder
      value: 0
      objectReference: {fileID: 0}
    - target: {fileID: 4363304364742984016, guid: d3e1fa8968e280a45a70eabf358fad88,
        type: 3}
      propertyPath: m_LocalEulerAnglesHint.x
      value: 0
      objectReference: {fileID: 0}
    - target: {fileID: 4363304364742984016, guid: d3e1fa8968e280a45a70eabf358fad88,
        type: 3}
      propertyPath: m_LocalEulerAnglesHint.y
      value: 90
      objectReference: {fileID: 0}
    - target: {fileID: 4363304364742984016, guid: d3e1fa8968e280a45a70eabf358fad88,
        type: 3}
      propertyPath: m_LocalEulerAnglesHint.z
      value: 0
      objectReference: {fileID: 0}
    - target: {fileID: 4363304364742984016, guid: d3e1fa8968e280a45a70eabf358fad88,
        type: 3}
      propertyPath: m_LocalScale.z
      value: 1
      objectReference: {fileID: 0}
    - target: {fileID: 4363304364743155056, guid: d3e1fa8968e280a45a70eabf358fad88,
        type: 3}
      propertyPath: m_Name
      value: RW_LP_VP_Item_TableCloth.006
      objectReference: {fileID: 0}
    m_RemovedComponents: []
  m_SourcePrefab: {fileID: 100100000, guid: d3e1fa8968e280a45a70eabf358fad88, type: 3}
--- !u!4 &6306657115298238078 stripped
Transform:
  m_CorrespondingSourceObject: {fileID: 4363304364742984016, guid: d3e1fa8968e280a45a70eabf358fad88,
    type: 3}
  m_PrefabInstance: {fileID: 7712463877591551790}
  m_PrefabAsset: {fileID: 0}
--- !u!1001 &7712463877666462394
PrefabInstance:
  m_ObjectHideFlags: 0
  serializedVersion: 2
  m_Modification:
    m_TransformParent: {fileID: 7712463877216038063}
    m_Modifications:
    - target: {fileID: 4882280178634167238, guid: 30dc9f6ab0147724ea48487d666c119d,
        type: 3}
      propertyPath: m_LocalPosition.x
      value: 0.05700016
      objectReference: {fileID: 0}
    - target: {fileID: 4882280178634167238, guid: 30dc9f6ab0147724ea48487d666c119d,
        type: 3}
      propertyPath: m_LocalPosition.y
      value: 0.7927
      objectReference: {fileID: 0}
    - target: {fileID: 4882280178634167238, guid: 30dc9f6ab0147724ea48487d666c119d,
        type: 3}
      propertyPath: m_LocalPosition.z
      value: -0.046000004
      objectReference: {fileID: 0}
    - target: {fileID: 4882280178634167238, guid: 30dc9f6ab0147724ea48487d666c119d,
        type: 3}
      propertyPath: m_LocalRotation.x
      value: -0
      objectReference: {fileID: 0}
    - target: {fileID: 4882280178634167238, guid: 30dc9f6ab0147724ea48487d666c119d,
        type: 3}
      propertyPath: m_LocalRotation.y
      value: -0.5946467
      objectReference: {fileID: 0}
    - target: {fileID: 4882280178634167238, guid: 30dc9f6ab0147724ea48487d666c119d,
        type: 3}
      propertyPath: m_LocalRotation.z
      value: -0
      objectReference: {fileID: 0}
    - target: {fileID: 4882280178634167238, guid: 30dc9f6ab0147724ea48487d666c119d,
        type: 3}
      propertyPath: m_LocalRotation.w
      value: 0.8039872
      objectReference: {fileID: 0}
    - target: {fileID: 4882280178634167238, guid: 30dc9f6ab0147724ea48487d666c119d,
        type: 3}
      propertyPath: m_RootOrder
      value: 4
      objectReference: {fileID: 0}
    - target: {fileID: 4882280178634167238, guid: 30dc9f6ab0147724ea48487d666c119d,
        type: 3}
      propertyPath: m_LocalEulerAnglesHint.x
      value: 0
      objectReference: {fileID: 0}
    - target: {fileID: 4882280178634167238, guid: 30dc9f6ab0147724ea48487d666c119d,
        type: 3}
      propertyPath: m_LocalEulerAnglesHint.y
      value: -72.975006
      objectReference: {fileID: 0}
    - target: {fileID: 4882280178634167238, guid: 30dc9f6ab0147724ea48487d666c119d,
        type: 3}
      propertyPath: m_LocalEulerAnglesHint.z
      value: 0
      objectReference: {fileID: 0}
    - target: {fileID: 4882280178634167238, guid: 30dc9f6ab0147724ea48487d666c119d,
        type: 3}
      propertyPath: m_LocalScale.x
      value: 0.5774985
      objectReference: {fileID: 0}
    - target: {fileID: 4882280178634167238, guid: 30dc9f6ab0147724ea48487d666c119d,
        type: 3}
      propertyPath: m_LocalScale.y
      value: 0.57749826
      objectReference: {fileID: 0}
    - target: {fileID: 4882280178634167238, guid: 30dc9f6ab0147724ea48487d666c119d,
        type: 3}
      propertyPath: m_LocalScale.z
      value: 0.5774985
      objectReference: {fileID: 0}
    - target: {fileID: 4882280178634199014, guid: 30dc9f6ab0147724ea48487d666c119d,
        type: 3}
      propertyPath: m_Name
      value: RW_LP_VP_Item_ChocolateBar.001
      objectReference: {fileID: 0}
    m_RemovedComponents: []
  m_SourcePrefab: {fileID: 100100000, guid: 30dc9f6ab0147724ea48487d666c119d, type: 3}
--- !u!4 &2939015457643743612 stripped
Transform:
  m_CorrespondingSourceObject: {fileID: 4882280178634167238, guid: 30dc9f6ab0147724ea48487d666c119d,
    type: 3}
  m_PrefabInstance: {fileID: 7712463877666462394}
  m_PrefabAsset: {fileID: 0}
--- !u!1001 &7712463877748044980
PrefabInstance:
  m_ObjectHideFlags: 0
  serializedVersion: 2
  m_Modification:
    m_TransformParent: {fileID: 1956884720159276424}
    m_Modifications:
    - target: {fileID: 7753067128500044245, guid: 07d80f24c467a7a41ab9ad31be68d66b,
        type: 3}
      propertyPath: m_LocalPosition.x
      value: -0.0822
      objectReference: {fileID: 0}
    - target: {fileID: 7753067128500044245, guid: 07d80f24c467a7a41ab9ad31be68d66b,
        type: 3}
      propertyPath: m_LocalPosition.y
      value: 0.0229
      objectReference: {fileID: 0}
    - target: {fileID: 7753067128500044245, guid: 07d80f24c467a7a41ab9ad31be68d66b,
        type: 3}
      propertyPath: m_LocalPosition.z
      value: -0.05760002
      objectReference: {fileID: 0}
    - target: {fileID: 7753067128500044245, guid: 07d80f24c467a7a41ab9ad31be68d66b,
        type: 3}
      propertyPath: m_LocalRotation.x
      value: -0.6603378
      objectReference: {fileID: 0}
    - target: {fileID: 7753067128500044245, guid: 07d80f24c467a7a41ab9ad31be68d66b,
        type: 3}
      propertyPath: m_LocalRotation.y
      value: 0.047019918
      objectReference: {fileID: 0}
    - target: {fileID: 7753067128500044245, guid: 07d80f24c467a7a41ab9ad31be68d66b,
        type: 3}
      propertyPath: m_LocalRotation.z
      value: 0.041490223
      objectReference: {fileID: 0}
    - target: {fileID: 7753067128500044245, guid: 07d80f24c467a7a41ab9ad31be68d66b,
        type: 3}
      propertyPath: m_LocalRotation.w
      value: 0.748346
      objectReference: {fileID: 0}
    - target: {fileID: 7753067128500044245, guid: 07d80f24c467a7a41ab9ad31be68d66b,
        type: 3}
      propertyPath: m_RootOrder
      value: 2
      objectReference: {fileID: 0}
    - target: {fileID: 7753067128500044245, guid: 07d80f24c467a7a41ab9ad31be68d66b,
        type: 3}
      propertyPath: m_LocalEulerAnglesHint.x
      value: -82.850006
      objectReference: {fileID: 0}
    - target: {fileID: 7753067128500044245, guid: 07d80f24c467a7a41ab9ad31be68d66b,
        type: 3}
      propertyPath: m_LocalEulerAnglesHint.y
      value: 7.1910005
      objectReference: {fileID: 0}
    - target: {fileID: 7753067128500044245, guid: 07d80f24c467a7a41ab9ad31be68d66b,
        type: 3}
      propertyPath: m_LocalEulerAnglesHint.z
      value: 0
      objectReference: {fileID: 0}
    - target: {fileID: 7753067128500044245, guid: 07d80f24c467a7a41ab9ad31be68d66b,
        type: 3}
      propertyPath: m_LocalScale.x
      value: 1.7206002
      objectReference: {fileID: 0}
    - target: {fileID: 7753067128500044245, guid: 07d80f24c467a7a41ab9ad31be68d66b,
        type: 3}
      propertyPath: m_LocalScale.y
      value: 1.7206008
      objectReference: {fileID: 0}
    - target: {fileID: 7753067128500044245, guid: 07d80f24c467a7a41ab9ad31be68d66b,
        type: 3}
      propertyPath: m_LocalScale.z
      value: 1.7206008
      objectReference: {fileID: 0}
    - target: {fileID: 7753067128500477429, guid: 07d80f24c467a7a41ab9ad31be68d66b,
        type: 3}
      propertyPath: m_Name
      value: RW_LP_VP_Item_Lollipop.003
      objectReference: {fileID: 0}
    m_RemovedComponents: []
  m_SourcePrefab: {fileID: 100100000, guid: 07d80f24c467a7a41ab9ad31be68d66b, type: 3}
--- !u!1001 &7712463877939252535
PrefabInstance:
  m_ObjectHideFlags: 0
  serializedVersion: 2
  m_Modification:
    m_TransformParent: {fileID: 1956884720159276424}
    m_Modifications:
    - target: {fileID: 4480932204727396324, guid: b688177131108a04f8917e121289c45a,
        type: 3}
      propertyPath: m_LocalPosition.x
      value: 0.1435
      objectReference: {fileID: 0}
    - target: {fileID: 4480932204727396324, guid: b688177131108a04f8917e121289c45a,
        type: 3}
      propertyPath: m_LocalPosition.y
      value: 0.011400014
      objectReference: {fileID: 0}
    - target: {fileID: 4480932204727396324, guid: b688177131108a04f8917e121289c45a,
        type: 3}
      propertyPath: m_LocalPosition.z
      value: 0.06349999
      objectReference: {fileID: 0}
    - target: {fileID: 4480932204727396324, guid: b688177131108a04f8917e121289c45a,
        type: 3}
      propertyPath: m_LocalRotation.x
      value: -0
      objectReference: {fileID: 0}
    - target: {fileID: 4480932204727396324, guid: b688177131108a04f8917e121289c45a,
        type: 3}
      propertyPath: m_LocalRotation.y
      value: -0.28756425
      objectReference: {fileID: 0}
    - target: {fileID: 4480932204727396324, guid: b688177131108a04f8917e121289c45a,
        type: 3}
      propertyPath: m_LocalRotation.z
      value: -0
      objectReference: {fileID: 0}
    - target: {fileID: 4480932204727396324, guid: b688177131108a04f8917e121289c45a,
        type: 3}
      propertyPath: m_LocalRotation.w
      value: 0.95776135
      objectReference: {fileID: 0}
    - target: {fileID: 4480932204727396324, guid: b688177131108a04f8917e121289c45a,
        type: 3}
      propertyPath: m_RootOrder
      value: 3
      objectReference: {fileID: 0}
    - target: {fileID: 4480932204727396324, guid: b688177131108a04f8917e121289c45a,
        type: 3}
      propertyPath: m_LocalEulerAnglesHint.x
      value: 0
      objectReference: {fileID: 0}
    - target: {fileID: 4480932204727396324, guid: b688177131108a04f8917e121289c45a,
        type: 3}
      propertyPath: m_LocalEulerAnglesHint.y
      value: -33.424
      objectReference: {fileID: 0}
    - target: {fileID: 4480932204727396324, guid: b688177131108a04f8917e121289c45a,
        type: 3}
      propertyPath: m_LocalEulerAnglesHint.z
      value: 0
      objectReference: {fileID: 0}
    - target: {fileID: 4480932204727396324, guid: b688177131108a04f8917e121289c45a,
        type: 3}
      propertyPath: m_LocalScale.x
      value: 1.7206001
      objectReference: {fileID: 0}
    - target: {fileID: 4480932204727396324, guid: b688177131108a04f8917e121289c45a,
        type: 3}
      propertyPath: m_LocalScale.y
      value: 1.7206
      objectReference: {fileID: 0}
    - target: {fileID: 4480932204727396324, guid: b688177131108a04f8917e121289c45a,
        type: 3}
      propertyPath: m_LocalScale.z
      value: 1.7206001
      objectReference: {fileID: 0}
    - target: {fileID: 4480932204727630788, guid: b688177131108a04f8917e121289c45a,
        type: 3}
      propertyPath: m_Name
      value: RW_LP_VP_Item_StrawberryWithCup.001
      objectReference: {fileID: 0}
    m_RemovedComponents: []
  m_SourcePrefab: {fileID: 100100000, guid: b688177131108a04f8917e121289c45a, type: 3}
--- !u!1001 &7712463877953527071
PrefabInstance:
  m_ObjectHideFlags: 0
  serializedVersion: 2
  m_Modification:
    m_TransformParent: {fileID: 7712463877216038063}
    m_Modifications:
    - target: {fileID: 5413959868349659747, guid: 5d36860fccba1b24abc23f115639b2f5,
        type: 3}
      propertyPath: m_LocalPosition.x
      value: 0.029661179
      objectReference: {fileID: 0}
    - target: {fileID: 5413959868349659747, guid: 5d36860fccba1b24abc23f115639b2f5,
        type: 3}
      propertyPath: m_LocalPosition.y
      value: 0.263
      objectReference: {fileID: 0}
    - target: {fileID: 5413959868349659747, guid: 5d36860fccba1b24abc23f115639b2f5,
        type: 3}
      propertyPath: m_LocalPosition.z
      value: 0.0071759224
      objectReference: {fileID: 0}
    - target: {fileID: 5413959868349659747, guid: 5d36860fccba1b24abc23f115639b2f5,
        type: 3}
      propertyPath: m_LocalRotation.x
      value: -0
      objectReference: {fileID: 0}
    - target: {fileID: 5413959868349659747, guid: 5d36860fccba1b24abc23f115639b2f5,
        type: 3}
      propertyPath: m_LocalRotation.y
      value: 0.96730125
      objectReference: {fileID: 0}
    - target: {fileID: 5413959868349659747, guid: 5d36860fccba1b24abc23f115639b2f5,
        type: 3}
      propertyPath: m_LocalRotation.z
      value: -0
      objectReference: {fileID: 0}
    - target: {fileID: 5413959868349659747, guid: 5d36860fccba1b24abc23f115639b2f5,
        type: 3}
      propertyPath: m_LocalRotation.w
      value: 0.25363022
      objectReference: {fileID: 0}
    - target: {fileID: 5413959868349659747, guid: 5d36860fccba1b24abc23f115639b2f5,
        type: 3}
      propertyPath: m_RootOrder
      value: 1
      objectReference: {fileID: 0}
    - target: {fileID: 5413959868349659747, guid: 5d36860fccba1b24abc23f115639b2f5,
        type: 3}
      propertyPath: m_LocalEulerAnglesHint.x
      value: 0
      objectReference: {fileID: 0}
    - target: {fileID: 5413959868349659747, guid: 5d36860fccba1b24abc23f115639b2f5,
        type: 3}
      propertyPath: m_LocalEulerAnglesHint.y
      value: 150.615
      objectReference: {fileID: 0}
    - target: {fileID: 5413959868349659747, guid: 5d36860fccba1b24abc23f115639b2f5,
        type: 3}
      propertyPath: m_LocalEulerAnglesHint.z
      value: 0
      objectReference: {fileID: 0}
    - target: {fileID: 5413959868349659747, guid: 5d36860fccba1b24abc23f115639b2f5,
        type: 3}
      propertyPath: m_LocalScale.x
      value: 0.49240994
      objectReference: {fileID: 0}
    - target: {fileID: 5413959868349659747, guid: 5d36860fccba1b24abc23f115639b2f5,
        type: 3}
      propertyPath: m_LocalScale.y
      value: 0.25851524
      objectReference: {fileID: 0}
    - target: {fileID: 5413959868349659747, guid: 5d36860fccba1b24abc23f115639b2f5,
        type: 3}
      propertyPath: m_LocalScale.z
      value: 0.7176382
      objectReference: {fileID: 0}
    - target: {fileID: 5413959868349687363, guid: 5d36860fccba1b24abc23f115639b2f5,
        type: 3}
      propertyPath: m_Name
      value: RW_LP_VP_Item_GiftBox.001
      objectReference: {fileID: 0}
    m_RemovedComponents: []
  m_SourcePrefab: {fileID: 100100000, guid: 5d36860fccba1b24abc23f115639b2f5, type: 3}
--- !u!4 &2317685677178759036 stripped
Transform:
  m_CorrespondingSourceObject: {fileID: 5413959868349659747, guid: 5d36860fccba1b24abc23f115639b2f5,
    type: 3}
  m_PrefabInstance: {fileID: 7712463877953527071}
  m_PrefabAsset: {fileID: 0}
--- !u!1001 &7712463878174365280
PrefabInstance:
  m_ObjectHideFlags: 0
  serializedVersion: 2
  m_Modification:
    m_TransformParent: {fileID: 1956884720159276424}
    m_Modifications:
    - target: {fileID: 1643918163183397770, guid: 357756dc9ebcb104988ca2d5e5039919,
        type: 3}
      propertyPath: m_LocalPosition.x
      value: 0.0537
      objectReference: {fileID: 0}
    - target: {fileID: 1643918163183397770, guid: 357756dc9ebcb104988ca2d5e5039919,
        type: 3}
      propertyPath: m_LocalPosition.y
      value: 0.011400014
      objectReference: {fileID: 0}
    - target: {fileID: 1643918163183397770, guid: 357756dc9ebcb104988ca2d5e5039919,
        type: 3}
      propertyPath: m_LocalPosition.z
      value: -0.043900013
      objectReference: {fileID: 0}
    - target: {fileID: 1643918163183397770, guid: 357756dc9ebcb104988ca2d5e5039919,
        type: 3}
      propertyPath: m_LocalRotation.x
      value: -0
      objectReference: {fileID: 0}
    - target: {fileID: 1643918163183397770, guid: 357756dc9ebcb104988ca2d5e5039919,
        type: 3}
      propertyPath: m_LocalRotation.y
      value: -0.21565393
      objectReference: {fileID: 0}
    - target: {fileID: 1643918163183397770, guid: 357756dc9ebcb104988ca2d5e5039919,
        type: 3}
      propertyPath: m_LocalRotation.z
      value: -0
      objectReference: {fileID: 0}
    - target: {fileID: 1643918163183397770, guid: 357756dc9ebcb104988ca2d5e5039919,
        type: 3}
      propertyPath: m_LocalRotation.w
      value: 0.9764699
      objectReference: {fileID: 0}
    - target: {fileID: 1643918163183397770, guid: 357756dc9ebcb104988ca2d5e5039919,
        type: 3}
      propertyPath: m_RootOrder
      value: 4
      objectReference: {fileID: 0}
    - target: {fileID: 1643918163183397770, guid: 357756dc9ebcb104988ca2d5e5039919,
        type: 3}
      propertyPath: m_LocalEulerAnglesHint.x
      value: 0
      objectReference: {fileID: 0}
    - target: {fileID: 1643918163183397770, guid: 357756dc9ebcb104988ca2d5e5039919,
        type: 3}
      propertyPath: m_LocalEulerAnglesHint.y
      value: -24.908
      objectReference: {fileID: 0}
    - target: {fileID: 1643918163183397770, guid: 357756dc9ebcb104988ca2d5e5039919,
        type: 3}
      propertyPath: m_LocalEulerAnglesHint.z
      value: 0
      objectReference: {fileID: 0}
    - target: {fileID: 1643918163183397770, guid: 357756dc9ebcb104988ca2d5e5039919,
        type: 3}
      propertyPath: m_LocalScale.x
      value: 1.7206
      objectReference: {fileID: 0}
    - target: {fileID: 1643918163183397770, guid: 357756dc9ebcb104988ca2d5e5039919,
        type: 3}
      propertyPath: m_LocalScale.y
      value: 1.7206
      objectReference: {fileID: 0}
    - target: {fileID: 1643918163183397770, guid: 357756dc9ebcb104988ca2d5e5039919,
        type: 3}
      propertyPath: m_LocalScale.z
      value: 1.7206
      objectReference: {fileID: 0}
    - target: {fileID: 1643918163183433642, guid: 357756dc9ebcb104988ca2d5e5039919,
        type: 3}
      propertyPath: m_Name
      value: RW_LP_VP_Item_StrawberryWithCup.003
      objectReference: {fileID: 0}
    m_RemovedComponents: []
  m_SourcePrefab: {fileID: 100100000, guid: 357756dc9ebcb104988ca2d5e5039919, type: 3}
--- !u!1001 &7712463878318185688
PrefabInstance:
  m_ObjectHideFlags: 0
  serializedVersion: 2
  m_Modification:
    m_TransformParent: {fileID: 1956884720159276424}
    m_Modifications:
    - target: {fileID: 2204258913351267332, guid: 680a12a36034da54eb3a621bc97018d8,
        type: 3}
      propertyPath: m_LocalPosition.x
      value: 0.1612
      objectReference: {fileID: 0}
    - target: {fileID: 2204258913351267332, guid: 680a12a36034da54eb3a621bc97018d8,
        type: 3}
      propertyPath: m_LocalPosition.y
      value: 0.011400014
      objectReference: {fileID: 0}
    - target: {fileID: 2204258913351267332, guid: 680a12a36034da54eb3a621bc97018d8,
        type: 3}
      propertyPath: m_LocalPosition.z
      value: -0.05950004
      objectReference: {fileID: 0}
    - target: {fileID: 2204258913351267332, guid: 680a12a36034da54eb3a621bc97018d8,
        type: 3}
      propertyPath: m_LocalRotation.x
      value: -0
      objectReference: {fileID: 0}
    - target: {fileID: 2204258913351267332, guid: 680a12a36034da54eb3a621bc97018d8,
        type: 3}
      propertyPath: m_LocalRotation.y
      value: -0.48657826
      objectReference: {fileID: 0}
    - target: {fileID: 2204258913351267332, guid: 680a12a36034da54eb3a621bc97018d8,
        type: 3}
      propertyPath: m_LocalRotation.z
      value: -0
      objectReference: {fileID: 0}
    - target: {fileID: 2204258913351267332, guid: 680a12a36034da54eb3a621bc97018d8,
        type: 3}
      propertyPath: m_LocalRotation.w
      value: 0.8736371
      objectReference: {fileID: 0}
    - target: {fileID: 2204258913351267332, guid: 680a12a36034da54eb3a621bc97018d8,
        type: 3}
      propertyPath: m_RootOrder
      value: 5
      objectReference: {fileID: 0}
    - target: {fileID: 2204258913351267332, guid: 680a12a36034da54eb3a621bc97018d8,
        type: 3}
      propertyPath: m_LocalEulerAnglesHint.x
      value: 0
      objectReference: {fileID: 0}
    - target: {fileID: 2204258913351267332, guid: 680a12a36034da54eb3a621bc97018d8,
        type: 3}
      propertyPath: m_LocalEulerAnglesHint.y
      value: -58.232002
      objectReference: {fileID: 0}
    - target: {fileID: 2204258913351267332, guid: 680a12a36034da54eb3a621bc97018d8,
        type: 3}
      propertyPath: m_LocalEulerAnglesHint.z
      value: 0
      objectReference: {fileID: 0}
    - target: {fileID: 2204258913351267332, guid: 680a12a36034da54eb3a621bc97018d8,
        type: 3}
      propertyPath: m_LocalScale.x
      value: 1.7206005
      objectReference: {fileID: 0}
    - target: {fileID: 2204258913351267332, guid: 680a12a36034da54eb3a621bc97018d8,
        type: 3}
      propertyPath: m_LocalScale.y
      value: 1.7206
      objectReference: {fileID: 0}
    - target: {fileID: 2204258913351267332, guid: 680a12a36034da54eb3a621bc97018d8,
        type: 3}
      propertyPath: m_LocalScale.z
      value: 1.7206005
      objectReference: {fileID: 0}
    - target: {fileID: 2204258913351493668, guid: 680a12a36034da54eb3a621bc97018d8,
        type: 3}
      propertyPath: m_Name
      value: RW_LP_VP_Item_StrawberryWithCup.005
      objectReference: {fileID: 0}
    m_RemovedComponents: []
  m_SourcePrefab: {fileID: 100100000, guid: 680a12a36034da54eb3a621bc97018d8, type: 3}
