%YAML 1.1
%TAG !u! tag:unity3d.com,2011:
--- !u!1 &4363708527365163938
GameObject:
  m_ObjectHideFlags: 0
  m_CorrespondingSourceObject: {fileID: 0}
  m_PrefabInstance: {fileID: 0}
  m_PrefabAsset: {fileID: 0}
  serializedVersion: 6
  m_Component:
  - component: {fileID: 4363708527365163941}
  m_Layer: 0
  m_Name: RW_LP_VP_GroupItem_Commode.002
  m_TagString: Untagged
  m_Icon: {fileID: 0}
  m_NavMeshLayer: 0
  m_StaticEditorFlags: 0
  m_IsActive: 1
--- !u!4 &4363708527365163941
Transform:
  m_ObjectHideFlags: 0
  m_CorrespondingSourceObject: {fileID: 0}
  m_PrefabInstance: {fileID: 0}
  m_PrefabAsset: {fileID: 0}
  m_GameObject: {fileID: 4363708527365163938}
  m_LocalRotation: {x: 0, y: 0, z: 0, w: 1}
  m_LocalPosition: {x: 0, y: 0, z: 0}
  m_LocalScale: {x: 1, y: 1, z: 1}
  m_Children:
  - {fileID: 725655735044351}
  - {fileID: 8623617142736246233}
  - {fileID: 5212813331552883504}
  - {fileID: 4363708526770417457}
  - {fileID: 8552081370392614726}
  - {fileID: 2180810885933740865}
  - {fileID: 5212813331051140769}
  - {fileID: 6658992256123920752}
  - {fileID: 1333918546943945088}
  - {fileID: 8691303153587406462}
  - {fileID: 7494236736607809744}
  - {fileID: 700716281125919132}
  - {fileID: 6753704962571610829}
  - {fileID: 6753704961399499001}
  - {fileID: 7494236738250404875}
  - {fileID: 1333918547104550306}
  m_Father: {fileID: 0}
  m_RootOrder: 0
  m_LocalEulerAnglesHint: {x: 0, y: 0, z: 0}
--- !u!1001 &4363708526754700967
PrefabInstance:
  m_ObjectHideFlags: 0
  serializedVersion: 2
  m_Modification:
    m_TransformParent: {fileID: 4363708527365163941}
    m_Modifications:
    - target: {fileID: 5341297174350285281, guid: 5562adb6227f23e489f73f0bd80a049b,
        type: 3}
      propertyPath: m_LocalPosition.x
      value: 0.08871293
      objectReference: {fileID: 0}
    - target: {fileID: 5341297174350285281, guid: 5562adb6227f23e489f73f0bd80a049b,
        type: 3}
      propertyPath: m_LocalPosition.y
      value: 0.3770795
      objectReference: {fileID: 0}
    - target: {fileID: 5341297174350285281, guid: 5562adb6227f23e489f73f0bd80a049b,
        type: 3}
      propertyPath: m_LocalPosition.z
      value: 0.05484718
      objectReference: {fileID: 0}
    - target: {fileID: 5341297174350285281, guid: 5562adb6227f23e489f73f0bd80a049b,
        type: 3}
      propertyPath: m_LocalRotation.x
      value: -0.102026045
      objectReference: {fileID: 0}
    - target: {fileID: 5341297174350285281, guid: 5562adb6227f23e489f73f0bd80a049b,
        type: 3}
      propertyPath: m_LocalRotation.y
      value: 0.32302746
      objectReference: {fileID: 0}
    - target: {fileID: 5341297174350285281, guid: 5562adb6227f23e489f73f0bd80a049b,
        type: 3}
      propertyPath: m_LocalRotation.z
      value: 0.03505263
      objectReference: {fileID: 0}
    - target: {fileID: 5341297174350285281, guid: 5562adb6227f23e489f73f0bd80a049b,
        type: 3}
      propertyPath: m_LocalRotation.w
      value: 0.94022095
      objectReference: {fileID: 0}
    - target: {fileID: 5341297174350285281, guid: 5562adb6227f23e489f73f0bd80a049b,
        type: 3}
      propertyPath: m_RootOrder
      value: 4
      objectReference: {fileID: 0}
    - target: {fileID: 5341297174350285281, guid: 5562adb6227f23e489f73f0bd80a049b,
        type: 3}
      propertyPath: m_LocalEulerAnglesHint.x
      value: -12.386001
      objectReference: {fileID: 0}
    - target: {fileID: 5341297174350285281, guid: 5562adb6227f23e489f73f0bd80a049b,
        type: 3}
      propertyPath: m_LocalEulerAnglesHint.y
      value: 37.922
      objectReference: {fileID: 0}
    - target: {fileID: 5341297174350285281, guid: 5562adb6227f23e489f73f0bd80a049b,
        type: 3}
      propertyPath: m_LocalEulerAnglesHint.z
      value: 0
      objectReference: {fileID: 0}
    - target: {fileID: 5341297174350285281, guid: 5562adb6227f23e489f73f0bd80a049b,
        type: 3}
      propertyPath: m_LocalScale.x
      value: 0.30294046
      objectReference: {fileID: 0}
    - target: {fileID: 5341297174350285281, guid: 5562adb6227f23e489f73f0bd80a049b,
        type: 3}
      propertyPath: m_LocalScale.y
      value: 0.30294043
      objectReference: {fileID: 0}
    - target: {fileID: 5341297174350285281, guid: 5562adb6227f23e489f73f0bd80a049b,
        type: 3}
      propertyPath: m_LocalScale.z
      value: 0.30294052
      objectReference: {fileID: 0}
    - target: {fileID: 5341297174350517697, guid: 5562adb6227f23e489f73f0bd80a049b,
        type: 3}
      propertyPath: m_Name
      value: RW_LP_VP_Item_HVDay
      objectReference: {fileID: 0}
    m_RemovedComponents: []
  m_SourcePrefab: {fileID: 100100000, guid: 5562adb6227f23e489f73f0bd80a049b, type: 3}
--- !u!4 &8552081370392614726 stripped
Transform:
  m_CorrespondingSourceObject: {fileID: 5341297174350285281, guid: 5562adb6227f23e489f73f0bd80a049b,
    type: 3}
  m_PrefabInstance: {fileID: 4363708526754700967}
  m_PrefabAsset: {fileID: 0}
--- !u!1001 &4363708526836968129
PrefabInstance:
  m_ObjectHideFlags: 0
  serializedVersion: 2
  m_Modification:
    m_TransformParent: {fileID: 4363708527365163941}
    m_Modifications:
    - target: {fileID: 7005062421763735564, guid: b98b6685565a1bd4aa49054efe84e720,
        type: 3}
      propertyPath: m_LocalPosition.x
      value: -0.0704602
      objectReference: {fileID: 0}
    - target: {fileID: 7005062421763735564, guid: b98b6685565a1bd4aa49054efe84e720,
        type: 3}
      propertyPath: m_LocalPosition.y
      value: 0.79248804
      objectReference: {fileID: 0}
    - target: {fileID: 7005062421763735564, guid: b98b6685565a1bd4aa49054efe84e720,
        type: 3}
      propertyPath: m_LocalPosition.z
      value: -0.106414855
      objectReference: {fileID: 0}
    - target: {fileID: 7005062421763735564, guid: b98b6685565a1bd4aa49054efe84e720,
        type: 3}
      propertyPath: m_LocalRotation.x
      value: -0
      objectReference: {fileID: 0}
    - target: {fileID: 7005062421763735564, guid: b98b6685565a1bd4aa49054efe84e720,
        type: 3}
      propertyPath: m_LocalRotation.y
      value: 0.23265992
      objectReference: {fileID: 0}
    - target: {fileID: 7005062421763735564, guid: b98b6685565a1bd4aa49054efe84e720,
        type: 3}
      propertyPath: m_LocalRotation.z
      value: -0
      objectReference: {fileID: 0}
    - target: {fileID: 7005062421763735564, guid: b98b6685565a1bd4aa49054efe84e720,
        type: 3}
      propertyPath: m_LocalRotation.w
      value: 0.9725582
      objectReference: {fileID: 0}
    - target: {fileID: 7005062421763735564, guid: b98b6685565a1bd4aa49054efe84e720,
        type: 3}
      propertyPath: m_RootOrder
      value: 12
      objectReference: {fileID: 0}
    - target: {fileID: 7005062421763735564, guid: b98b6685565a1bd4aa49054efe84e720,
        type: 3}
      propertyPath: m_LocalEulerAnglesHint.x
      value: 0
      objectReference: {fileID: 0}
    - target: {fileID: 7005062421763735564, guid: b98b6685565a1bd4aa49054efe84e720,
        type: 3}
      propertyPath: m_LocalEulerAnglesHint.y
      value: 26.907001
      objectReference: {fileID: 0}
    - target: {fileID: 7005062421763735564, guid: b98b6685565a1bd4aa49054efe84e720,
        type: 3}
      propertyPath: m_LocalEulerAnglesHint.z
      value: 0
      objectReference: {fileID: 0}
    - target: {fileID: 7005062421763735564, guid: b98b6685565a1bd4aa49054efe84e720,
        type: 3}
      propertyPath: m_LocalScale.x
      value: 1.1632582
      objectReference: {fileID: 0}
    - target: {fileID: 7005062421763735564, guid: b98b6685565a1bd4aa49054efe84e720,
        type: 3}
      propertyPath: m_LocalScale.y
      value: 1.1632582
      objectReference: {fileID: 0}
    - target: {fileID: 7005062421763735564, guid: b98b6685565a1bd4aa49054efe84e720,
        type: 3}
      propertyPath: m_LocalScale.z
      value: 1.1632582
      objectReference: {fileID: 0}
    - target: {fileID: 7005062421763972140, guid: b98b6685565a1bd4aa49054efe84e720,
        type: 3}
      propertyPath: m_Name
      value: RW_LP_VP_Item_Leaves.001
      objectReference: {fileID: 0}
    m_RemovedComponents: []
  m_SourcePrefab: {fileID: 100100000, guid: b98b6685565a1bd4aa49054efe84e720, type: 3}
--- !u!4 &6753704962571610829 stripped
Transform:
  m_CorrespondingSourceObject: {fileID: 7005062421763735564, guid: b98b6685565a1bd4aa49054efe84e720,
    type: 3}
  m_PrefabInstance: {fileID: 4363708526836968129}
  m_PrefabAsset: {fileID: 0}
--- !u!1001 &4363708526987101024
PrefabInstance:
  m_ObjectHideFlags: 0
  serializedVersion: 2
  m_Modification:
    m_TransformParent: {fileID: 4363708527365163941}
    m_Modifications:
    - target: {fileID: 2507601448566157345, guid: 50c6364edd981854c88f4e25b72e4879,
        type: 3}
      propertyPath: m_LocalPosition.x
      value: 0.053289786
      objectReference: {fileID: 0}
    - target: {fileID: 2507601448566157345, guid: 50c6364edd981854c88f4e25b72e4879,
        type: 3}
      propertyPath: m_LocalPosition.y
      value: 0.7924003
      objectReference: {fileID: 0}
    - target: {fileID: 2507601448566157345, guid: 50c6364edd981854c88f4e25b72e4879,
        type: 3}
      propertyPath: m_LocalPosition.z
      value: -0.11441139
      objectReference: {fileID: 0}
    - target: {fileID: 2507601448566157345, guid: 50c6364edd981854c88f4e25b72e4879,
        type: 3}
      propertyPath: m_LocalRotation.x
      value: -0
      objectReference: {fileID: 0}
    - target: {fileID: 2507601448566157345, guid: 50c6364edd981854c88f4e25b72e4879,
        type: 3}
      propertyPath: m_LocalRotation.y
      value: -0.3093283
      objectReference: {fileID: 0}
    - target: {fileID: 2507601448566157345, guid: 50c6364edd981854c88f4e25b72e4879,
        type: 3}
      propertyPath: m_LocalRotation.z
      value: -0
      objectReference: {fileID: 0}
    - target: {fileID: 2507601448566157345, guid: 50c6364edd981854c88f4e25b72e4879,
        type: 3}
      propertyPath: m_LocalRotation.w
      value: 0.95095533
      objectReference: {fileID: 0}
    - target: {fileID: 2507601448566157345, guid: 50c6364edd981854c88f4e25b72e4879,
        type: 3}
      propertyPath: m_RootOrder
      value: 5
      objectReference: {fileID: 0}
    - target: {fileID: 2507601448566157345, guid: 50c6364edd981854c88f4e25b72e4879,
        type: 3}
      propertyPath: m_LocalEulerAnglesHint.x
      value: 0
      objectReference: {fileID: 0}
    - target: {fileID: 2507601448566157345, guid: 50c6364edd981854c88f4e25b72e4879,
        type: 3}
      propertyPath: m_LocalEulerAnglesHint.y
      value: -36.038002
      objectReference: {fileID: 0}
    - target: {fileID: 2507601448566157345, guid: 50c6364edd981854c88f4e25b72e4879,
        type: 3}
      propertyPath: m_LocalEulerAnglesHint.z
      value: 0
      objectReference: {fileID: 0}
    - target: {fileID: 2507601448566157345, guid: 50c6364edd981854c88f4e25b72e4879,
        type: 3}
      propertyPath: m_LocalScale.x
      value: 0.5441938
      objectReference: {fileID: 0}
    - target: {fileID: 2507601448566157345, guid: 50c6364edd981854c88f4e25b72e4879,
        type: 3}
      propertyPath: m_LocalScale.y
      value: 0.5441938
      objectReference: {fileID: 0}
    - target: {fileID: 2507601448566157345, guid: 50c6364edd981854c88f4e25b72e4879,
        type: 3}
      propertyPath: m_LocalScale.z
      value: 0.5441938
      objectReference: {fileID: 0}
    - target: {fileID: 2507601448566385665, guid: 50c6364edd981854c88f4e25b72e4879,
        type: 3}
      propertyPath: m_Name
      value: RW_LP_VP_VaseWithRose
      objectReference: {fileID: 0}
    m_RemovedComponents: []
  m_SourcePrefab: {fileID: 100100000, guid: 50c6364edd981854c88f4e25b72e4879, type: 3}
--- !u!4 &2180810885933740865 stripped
Transform:
  m_CorrespondingSourceObject: {fileID: 2507601448566157345, guid: 50c6364edd981854c88f4e25b72e4879,
    type: 3}
  m_PrefabInstance: {fileID: 4363708526987101024}
  m_PrefabAsset: {fileID: 0}
--- !u!1001 &4363708527095182452
PrefabInstance:
  m_ObjectHideFlags: 0
  serializedVersion: 2
  m_Modification:
    m_TransformParent: {fileID: 4363708527365163941}
    m_Modifications:
    - target: {fileID: 3318033695341885910, guid: a9ff8b75b11076a4fa535a603058adf8,
        type: 3}
      propertyPath: m_LocalPosition.x
      value: 0.20277801
      objectReference: {fileID: 0}
    - target: {fileID: 3318033695341885910, guid: a9ff8b75b11076a4fa535a603058adf8,
        type: 3}
      propertyPath: m_LocalPosition.y
      value: 0.77423126
      objectReference: {fileID: 0}
    - target: {fileID: 3318033695341885910, guid: a9ff8b75b11076a4fa535a603058adf8,
        type: 3}
      propertyPath: m_LocalPosition.z
      value: -0.15030162
      objectReference: {fileID: 0}
    - target: {fileID: 3318033695341885910, guid: a9ff8b75b11076a4fa535a603058adf8,
        type: 3}
      propertyPath: m_LocalRotation.x
      value: -0
      objectReference: {fileID: 0}
    - target: {fileID: 3318033695341885910, guid: a9ff8b75b11076a4fa535a603058adf8,
        type: 3}
      propertyPath: m_LocalRotation.y
      value: 0.65253407
      objectReference: {fileID: 0}
    - target: {fileID: 3318033695341885910, guid: a9ff8b75b11076a4fa535a603058adf8,
        type: 3}
      propertyPath: m_LocalRotation.z
      value: -0
      objectReference: {fileID: 0}
    - target: {fileID: 3318033695341885910, guid: a9ff8b75b11076a4fa535a603058adf8,
        type: 3}
      propertyPath: m_LocalRotation.w
      value: 0.75775945
      objectReference: {fileID: 0}
    - target: {fileID: 3318033695341885910, guid: a9ff8b75b11076a4fa535a603058adf8,
        type: 3}
      propertyPath: m_RootOrder
      value: 15
      objectReference: {fileID: 0}
    - target: {fileID: 3318033695341885910, guid: a9ff8b75b11076a4fa535a603058adf8,
        type: 3}
      propertyPath: m_LocalEulerAnglesHint.x
      value: 0
      objectReference: {fileID: 0}
    - target: {fileID: 3318033695341885910, guid: a9ff8b75b11076a4fa535a603058adf8,
        type: 3}
      propertyPath: m_LocalEulerAnglesHint.y
      value: 81.466
      objectReference: {fileID: 0}
    - target: {fileID: 3318033695341885910, guid: a9ff8b75b11076a4fa535a603058adf8,
        type: 3}
      propertyPath: m_LocalEulerAnglesHint.z
      value: 0
      objectReference: {fileID: 0}
    - target: {fileID: 3318033695341885910, guid: a9ff8b75b11076a4fa535a603058adf8,
        type: 3}
      propertyPath: m_LocalScale.x
      value: 1.1632587
      objectReference: {fileID: 0}
    - target: {fileID: 3318033695341885910, guid: a9ff8b75b11076a4fa535a603058adf8,
        type: 3}
      propertyPath: m_LocalScale.y
      value: 1.1632582
      objectReference: {fileID: 0}
    - target: {fileID: 3318033695341885910, guid: a9ff8b75b11076a4fa535a603058adf8,
        type: 3}
      propertyPath: m_LocalScale.z
      value: 1.1632587
      objectReference: {fileID: 0}
    - target: {fileID: 3318033695342241270, guid: a9ff8b75b11076a4fa535a603058adf8,
        type: 3}
      propertyPath: m_Name
      value: RW_LP_VP_Item_Leaves.004 (1)
      objectReference: {fileID: 0}
    m_RemovedComponents: []
  m_SourcePrefab: {fileID: 100100000, guid: a9ff8b75b11076a4fa535a603058adf8, type: 3}
--- !u!4 &1333918547104550306 stripped
Transform:
  m_CorrespondingSourceObject: {fileID: 3318033695341885910, guid: a9ff8b75b11076a4fa535a603058adf8,
    type: 3}
  m_PrefabInstance: {fileID: 4363708527095182452}
  m_PrefabAsset: {fileID: 0}
--- !u!1001 &4363708527412089689
PrefabInstance:
  m_ObjectHideFlags: 0
  serializedVersion: 2
  m_Modification:
    m_TransformParent: {fileID: 4363708527365163941}
    m_Modifications:
    - target: {fileID: 4905185126917526823, guid: 4f137dc106ce75843aed8fddcc7ae8b8,
        type: 3}
      propertyPath: m_LocalPosition.x
      value: 0
      objectReference: {fileID: 0}
    - target: {fileID: 4905185126917526823, guid: 4f137dc106ce75843aed8fddcc7ae8b8,
        type: 3}
      propertyPath: m_LocalPosition.y
      value: 0
      objectReference: {fileID: 0}
    - target: {fileID: 4905185126917526823, guid: 4f137dc106ce75843aed8fddcc7ae8b8,
        type: 3}
      propertyPath: m_LocalPosition.z
      value: 0
      objectReference: {fileID: 0}
    - target: {fileID: 4905185126917526823, guid: 4f137dc106ce75843aed8fddcc7ae8b8,
        type: 3}
      propertyPath: m_LocalRotation.x
      value: -0
      objectReference: {fileID: 0}
    - target: {fileID: 4905185126917526823, guid: 4f137dc106ce75843aed8fddcc7ae8b8,
        type: 3}
      propertyPath: m_LocalRotation.y
      value: 0.7071068
      objectReference: {fileID: 0}
    - target: {fileID: 4905185126917526823, guid: 4f137dc106ce75843aed8fddcc7ae8b8,
        type: 3}
      propertyPath: m_LocalRotation.z
      value: -0
      objectReference: {fileID: 0}
    - target: {fileID: 4905185126917526823, guid: 4f137dc106ce75843aed8fddcc7ae8b8,
        type: 3}
      propertyPath: m_LocalRotation.w
      value: 0.7071068
      objectReference: {fileID: 0}
    - target: {fileID: 4905185126917526823, guid: 4f137dc106ce75843aed8fddcc7ae8b8,
        type: 3}
      propertyPath: m_RootOrder
      value: 9
      objectReference: {fileID: 0}
    - target: {fileID: 4905185126917526823, guid: 4f137dc106ce75843aed8fddcc7ae8b8,
        type: 3}
      propertyPath: m_LocalEulerAnglesHint.x
      value: 0
      objectReference: {fileID: 0}
    - target: {fileID: 4905185126917526823, guid: 4f137dc106ce75843aed8fddcc7ae8b8,
        type: 3}
      propertyPath: m_LocalEulerAnglesHint.y
      value: 90
      objectReference: {fileID: 0}
    - target: {fileID: 4905185126917526823, guid: 4f137dc106ce75843aed8fddcc7ae8b8,
        type: 3}
      propertyPath: m_LocalEulerAnglesHint.z
      value: 0
      objectReference: {fileID: 0}
    - target: {fileID: 4905185126917687559, guid: 4f137dc106ce75843aed8fddcc7ae8b8,
        type: 3}
      propertyPath: m_Name
      value: RW_LP_VP_Item_Commode
      objectReference: {fileID: 0}
    m_RemovedComponents: []
  m_SourcePrefab: {fileID: 100100000, guid: 4f137dc106ce75843aed8fddcc7ae8b8, type: 3}
--- !u!4 &8691303153587406462 stripped
Transform:
  m_CorrespondingSourceObject: {fileID: 4905185126917526823, guid: 4f137dc106ce75843aed8fddcc7ae8b8,
    type: 3}
  m_PrefabInstance: {fileID: 4363708527412089689}
  m_PrefabAsset: {fileID: 0}
--- !u!1001 &4363708527448204782
PrefabInstance:
  m_ObjectHideFlags: 0
  serializedVersion: 2
  m_Modification:
    m_TransformParent: {fileID: 4363708527365163941}
    m_Modifications:
    - target: {fileID: 3834375793068440690, guid: 71543899fa37270438264f9eda5e9df2,
        type: 3}
      propertyPath: m_LocalPosition.x
      value: -0.11417118
      objectReference: {fileID: 0}
    - target: {fileID: 3834375793068440690, guid: 71543899fa37270438264f9eda5e9df2,
        type: 3}
      propertyPath: m_LocalPosition.y
      value: 0.79248804
      objectReference: {fileID: 0}
    - target: {fileID: 3834375793068440690, guid: 71543899fa37270438264f9eda5e9df2,
        type: 3}
      propertyPath: m_LocalPosition.z
      value: -0.17803796
      objectReference: {fileID: 0}
    - target: {fileID: 3834375793068440690, guid: 71543899fa37270438264f9eda5e9df2,
        type: 3}
      propertyPath: m_LocalRotation.x
      value: -0
      objectReference: {fileID: 0}
    - target: {fileID: 3834375793068440690, guid: 71543899fa37270438264f9eda5e9df2,
        type: 3}
      propertyPath: m_LocalRotation.y
      value: -0
      objectReference: {fileID: 0}
    - target: {fileID: 3834375793068440690, guid: 71543899fa37270438264f9eda5e9df2,
        type: 3}
      propertyPath: m_LocalRotation.z
      value: -0
      objectReference: {fileID: 0}
    - target: {fileID: 3834375793068440690, guid: 71543899fa37270438264f9eda5e9df2,
        type: 3}
      propertyPath: m_LocalRotation.w
      value: 1
      objectReference: {fileID: 0}
    - target: {fileID: 3834375793068440690, guid: 71543899fa37270438264f9eda5e9df2,
        type: 3}
      propertyPath: m_RootOrder
      value: 11
      objectReference: {fileID: 0}
    - target: {fileID: 3834375793068440690, guid: 71543899fa37270438264f9eda5e9df2,
        type: 3}
      propertyPath: m_LocalEulerAnglesHint.x
      value: 0
      objectReference: {fileID: 0}
    - target: {fileID: 3834375793068440690, guid: 71543899fa37270438264f9eda5e9df2,
        type: 3}
      propertyPath: m_LocalEulerAnglesHint.y
      value: 0
      objectReference: {fileID: 0}
    - target: {fileID: 3834375793068440690, guid: 71543899fa37270438264f9eda5e9df2,
        type: 3}
      propertyPath: m_LocalEulerAnglesHint.z
      value: 0
      objectReference: {fileID: 0}
    - target: {fileID: 3834375793068440690, guid: 71543899fa37270438264f9eda5e9df2,
        type: 3}
      propertyPath: m_LocalScale.x
      value: 1.1632582
      objectReference: {fileID: 0}
    - target: {fileID: 3834375793068440690, guid: 71543899fa37270438264f9eda5e9df2,
        type: 3}
      propertyPath: m_LocalScale.y
      value: 1.1632582
      objectReference: {fileID: 0}
    - target: {fileID: 3834375793068440690, guid: 71543899fa37270438264f9eda5e9df2,
        type: 3}
      propertyPath: m_LocalScale.z
      value: 1.1632582
      objectReference: {fileID: 0}
    - target: {fileID: 3834375793068531794, guid: 71543899fa37270438264f9eda5e9df2,
        type: 3}
      propertyPath: m_Name
      value: RW_LP_VP_Item_Leaves.002
      objectReference: {fileID: 0}
    m_RemovedComponents: []
  m_SourcePrefab: {fileID: 100100000, guid: 71543899fa37270438264f9eda5e9df2, type: 3}
--- !u!4 &700716281125919132 stripped
Transform:
  m_CorrespondingSourceObject: {fileID: 3834375793068440690, guid: 71543899fa37270438264f9eda5e9df2,
    type: 3}
  m_PrefabInstance: {fileID: 4363708527448204782}
  m_PrefabAsset: {fileID: 0}
--- !u!1001 &4363708527465787322
PrefabInstance:
  m_ObjectHideFlags: 0
  serializedVersion: 2
  m_Modification:
    m_TransformParent: {fileID: 4363708527365163941}
    m_Modifications:
    - target: {fileID: 5413959868349659747, guid: 5d36860fccba1b24abc23f115639b2f5,
        type: 3}
      propertyPath: m_LocalPosition.x
      value: 0.029661179
      objectReference: {fileID: 0}
    - target: {fileID: 5413959868349659747, guid: 5d36860fccba1b24abc23f115639b2f5,
        type: 3}
      propertyPath: m_LocalPosition.y
      value: 0.263
      objectReference: {fileID: 0}
    - target: {fileID: 5413959868349659747, guid: 5d36860fccba1b24abc23f115639b2f5,
        type: 3}
      propertyPath: m_LocalPosition.z
      value: 0.0071759224
      objectReference: {fileID: 0}
    - target: {fileID: 5413959868349659747, guid: 5d36860fccba1b24abc23f115639b2f5,
        type: 3}
      propertyPath: m_LocalRotation.x
      value: -0
      objectReference: {fileID: 0}
    - target: {fileID: 5413959868349659747, guid: 5d36860fccba1b24abc23f115639b2f5,
        type: 3}
      propertyPath: m_LocalRotation.y
      value: 0.96730125
      objectReference: {fileID: 0}
    - target: {fileID: 5413959868349659747, guid: 5d36860fccba1b24abc23f115639b2f5,
        type: 3}
      propertyPath: m_LocalRotation.z
      value: -0
      objectReference: {fileID: 0}
    - target: {fileID: 5413959868349659747, guid: 5d36860fccba1b24abc23f115639b2f5,
        type: 3}
      propertyPath: m_LocalRotation.w
      value: 0.25363022
      objectReference: {fileID: 0}
    - target: {fileID: 5413959868349659747, guid: 5d36860fccba1b24abc23f115639b2f5,
        type: 3}
      propertyPath: m_RootOrder
      value: 1
      objectReference: {fileID: 0}
    - target: {fileID: 5413959868349659747, guid: 5d36860fccba1b24abc23f115639b2f5,
        type: 3}
      propertyPath: m_LocalEulerAnglesHint.x
      value: 0
      objectReference: {fileID: 0}
    - target: {fileID: 5413959868349659747, guid: 5d36860fccba1b24abc23f115639b2f5,
        type: 3}
      propertyPath: m_LocalEulerAnglesHint.y
      value: 150.615
      objectReference: {fileID: 0}
    - target: {fileID: 5413959868349659747, guid: 5d36860fccba1b24abc23f115639b2f5,
        type: 3}
      propertyPath: m_LocalEulerAnglesHint.z
      value: 0
      objectReference: {fileID: 0}
    - target: {fileID: 5413959868349659747, guid: 5d36860fccba1b24abc23f115639b2f5,
        type: 3}
      propertyPath: m_LocalScale.x
      value: 0.49240994
      objectReference: {fileID: 0}
    - target: {fileID: 5413959868349659747, guid: 5d36860fccba1b24abc23f115639b2f5,
        type: 3}
      propertyPath: m_LocalScale.y
      value: 0.25851524
      objectReference: {fileID: 0}
    - target: {fileID: 5413959868349659747, guid: 5d36860fccba1b24abc23f115639b2f5,
        type: 3}
      propertyPath: m_LocalScale.z
      value: 0.7176382
      objectReference: {fileID: 0}
    - target: {fileID: 5413959868349687363, guid: 5d36860fccba1b24abc23f115639b2f5,
        type: 3}
      propertyPath: m_Name
      value: RW_LP_VP_Item_GiftBox.001
      objectReference: {fileID: 0}
    m_RemovedComponents: []
  m_SourcePrefab: {fileID: 100100000, guid: 5d36860fccba1b24abc23f115639b2f5, type: 3}
--- !u!4 &8623617142736246233 stripped
Transform:
  m_CorrespondingSourceObject: {fileID: 5413959868349659747, guid: 5d36860fccba1b24abc23f115639b2f5,
    type: 3}
  m_PrefabInstance: {fileID: 4363708527465787322}
  m_PrefabAsset: {fileID: 0}
--- !u!1001 &4363708527521763414
PrefabInstance:
  m_ObjectHideFlags: 0
  serializedVersion: 2
  m_Modification:
    m_TransformParent: {fileID: 4363708527365163941}
    m_Modifications:
    - target: {fileID: 3318033695341885910, guid: a9ff8b75b11076a4fa535a603058adf8,
        type: 3}
      propertyPath: m_LocalPosition.x
      value: -0.042548083
      objectReference: {fileID: 0}
    - target: {fileID: 3318033695341885910, guid: a9ff8b75b11076a4fa535a603058adf8,
        type: 3}
      propertyPath: m_LocalPosition.y
      value: 0.7929269
      objectReference: {fileID: 0}
    - target: {fileID: 3318033695341885910, guid: a9ff8b75b11076a4fa535a603058adf8,
        type: 3}
      propertyPath: m_LocalPosition.z
      value: -0.1831286
      objectReference: {fileID: 0}
    - target: {fileID: 3318033695341885910, guid: a9ff8b75b11076a4fa535a603058adf8,
        type: 3}
      propertyPath: m_LocalRotation.x
      value: -0
      objectReference: {fileID: 0}
    - target: {fileID: 3318033695341885910, guid: a9ff8b75b11076a4fa535a603058adf8,
        type: 3}
      propertyPath: m_LocalRotation.y
      value: -0
      objectReference: {fileID: 0}
    - target: {fileID: 3318033695341885910, guid: a9ff8b75b11076a4fa535a603058adf8,
        type: 3}
      propertyPath: m_LocalRotation.z
      value: -0
      objectReference: {fileID: 0}
    - target: {fileID: 3318033695341885910, guid: a9ff8b75b11076a4fa535a603058adf8,
        type: 3}
      propertyPath: m_LocalRotation.w
      value: 1
      objectReference: {fileID: 0}
    - target: {fileID: 3318033695341885910, guid: a9ff8b75b11076a4fa535a603058adf8,
        type: 3}
      propertyPath: m_RootOrder
      value: 8
      objectReference: {fileID: 0}
    - target: {fileID: 3318033695341885910, guid: a9ff8b75b11076a4fa535a603058adf8,
        type: 3}
      propertyPath: m_LocalEulerAnglesHint.x
      value: 0
      objectReference: {fileID: 0}
    - target: {fileID: 3318033695341885910, guid: a9ff8b75b11076a4fa535a603058adf8,
        type: 3}
      propertyPath: m_LocalEulerAnglesHint.y
      value: 0
      objectReference: {fileID: 0}
    - target: {fileID: 3318033695341885910, guid: a9ff8b75b11076a4fa535a603058adf8,
        type: 3}
      propertyPath: m_LocalEulerAnglesHint.z
      value: 0
      objectReference: {fileID: 0}
    - target: {fileID: 3318033695341885910, guid: a9ff8b75b11076a4fa535a603058adf8,
        type: 3}
      propertyPath: m_LocalScale.x
      value: 1.1632582
      objectReference: {fileID: 0}
    - target: {fileID: 3318033695341885910, guid: a9ff8b75b11076a4fa535a603058adf8,
        type: 3}
      propertyPath: m_LocalScale.y
      value: 1.1632582
      objectReference: {fileID: 0}
    - target: {fileID: 3318033695341885910, guid: a9ff8b75b11076a4fa535a603058adf8,
        type: 3}
      propertyPath: m_LocalScale.z
      value: 1.1632582
      objectReference: {fileID: 0}
    - target: {fileID: 3318033695342241270, guid: a9ff8b75b11076a4fa535a603058adf8,
        type: 3}
      propertyPath: m_Name
      value: RW_LP_VP_Item_Leaves.004
      objectReference: {fileID: 0}
    m_RemovedComponents: []
  m_SourcePrefab: {fileID: 100100000, guid: a9ff8b75b11076a4fa535a603058adf8, type: 3}
--- !u!4 &1333918546943945088 stripped
Transform:
  m_CorrespondingSourceObject: {fileID: 3318033695341885910, guid: a9ff8b75b11076a4fa535a603058adf8,
    type: 3}
  m_PrefabInstance: {fileID: 4363708527521763414}
  m_PrefabAsset: {fileID: 0}
--- !u!1001 &4363708527691042769
PrefabInstance:
  m_ObjectHideFlags: 0
  serializedVersion: 2
  m_Modification:
    m_TransformParent: {fileID: 4363708527365163941}
    m_Modifications:
    - target: {fileID: 6093336564472047610, guid: 0cc73dac87586034eb20e761620c4a4c,
        type: 3}
      propertyPath: m_Name
      value: RW_LP_VP_Item_Leaves.003 (1)
      objectReference: {fileID: 0}
    - target: {fileID: 6093336564472413146, guid: 0cc73dac87586034eb20e761620c4a4c,
        type: 3}
      propertyPath: m_LocalPosition.x
      value: -0.06948584
      objectReference: {fileID: 0}
    - target: {fileID: 6093336564472413146, guid: 0cc73dac87586034eb20e761620c4a4c,
        type: 3}
      propertyPath: m_LocalPosition.y
      value: 0.79248804
      objectReference: {fileID: 0}
    - target: {fileID: 6093336564472413146, guid: 0cc73dac87586034eb20e761620c4a4c,
        type: 3}
      propertyPath: m_LocalPosition.z
      value: 0.19978675
      objectReference: {fileID: 0}
    - target: {fileID: 6093336564472413146, guid: 0cc73dac87586034eb20e761620c4a4c,
        type: 3}
      propertyPath: m_LocalRotation.x
      value: -0
      objectReference: {fileID: 0}
    - target: {fileID: 6093336564472413146, guid: 0cc73dac87586034eb20e761620c4a4c,
        type: 3}
      propertyPath: m_LocalRotation.y
      value: -0.6544536
      objectReference: {fileID: 0}
    - target: {fileID: 6093336564472413146, guid: 0cc73dac87586034eb20e761620c4a4c,
        type: 3}
      propertyPath: m_LocalRotation.z
      value: -0
      objectReference: {fileID: 0}
    - target: {fileID: 6093336564472413146, guid: 0cc73dac87586034eb20e761620c4a4c,
        type: 3}
      propertyPath: m_LocalRotation.w
      value: 0.7561022
      objectReference: {fileID: 0}
    - target: {fileID: 6093336564472413146, guid: 0cc73dac87586034eb20e761620c4a4c,
        type: 3}
      propertyPath: m_RootOrder
      value: 14
      objectReference: {fileID: 0}
    - target: {fileID: 6093336564472413146, guid: 0cc73dac87586034eb20e761620c4a4c,
        type: 3}
      propertyPath: m_LocalEulerAnglesHint.x
      value: 0
      objectReference: {fileID: 0}
    - target: {fileID: 6093336564472413146, guid: 0cc73dac87586034eb20e761620c4a4c,
        type: 3}
      propertyPath: m_LocalEulerAnglesHint.y
      value: -81.756004
      objectReference: {fileID: 0}
    - target: {fileID: 6093336564472413146, guid: 0cc73dac87586034eb20e761620c4a4c,
        type: 3}
      propertyPath: m_LocalEulerAnglesHint.z
      value: 0
      objectReference: {fileID: 0}
    - target: {fileID: 6093336564472413146, guid: 0cc73dac87586034eb20e761620c4a4c,
        type: 3}
      propertyPath: m_LocalScale.x
      value: 1.1632583
      objectReference: {fileID: 0}
    - target: {fileID: 6093336564472413146, guid: 0cc73dac87586034eb20e761620c4a4c,
        type: 3}
      propertyPath: m_LocalScale.y
      value: 1.1632582
      objectReference: {fileID: 0}
    - target: {fileID: 6093336564472413146, guid: 0cc73dac87586034eb20e761620c4a4c,
        type: 3}
      propertyPath: m_LocalScale.z
      value: 1.1632583
      objectReference: {fileID: 0}
    m_RemovedComponents: []
  m_SourcePrefab: {fileID: 100100000, guid: 0cc73dac87586034eb20e761620c4a4c, type: 3}
--- !u!4 &7494236738250404875 stripped
Transform:
  m_CorrespondingSourceObject: {fileID: 6093336564472413146, guid: 0cc73dac87586034eb20e761620c4a4c,
    type: 3}
  m_PrefabInstance: {fileID: 4363708527691042769}
  m_PrefabAsset: {fileID: 0}
--- !u!1001 &4363708527964383477
PrefabInstance:
  m_ObjectHideFlags: 0
  serializedVersion: 2
  m_Modification:
    m_TransformParent: {fileID: 4363708527365163941}
    m_Modifications:
    - target: {fileID: 7005062421763735564, guid: b98b6685565a1bd4aa49054efe84e720,
        type: 3}
      propertyPath: m_LocalPosition.x
      value: 0.13931802
      objectReference: {fileID: 0}
    - target: {fileID: 7005062421763735564, guid: b98b6685565a1bd4aa49054efe84e720,
        type: 3}
      propertyPath: m_LocalPosition.y
      value: 0.79248804
      objectReference: {fileID: 0}
    - target: {fileID: 7005062421763735564, guid: b98b6685565a1bd4aa49054efe84e720,
        type: 3}
      propertyPath: m_LocalPosition.z
      value: -0.036196366
      objectReference: {fileID: 0}
    - target: {fileID: 7005062421763735564, guid: b98b6685565a1bd4aa49054efe84e720,
        type: 3}
      propertyPath: m_LocalRotation.x
      value: -0
      objectReference: {fileID: 0}
    - target: {fileID: 7005062421763735564, guid: b98b6685565a1bd4aa49054efe84e720,
        type: 3}
      propertyPath: m_LocalRotation.y
      value: -0
      objectReference: {fileID: 0}
    - target: {fileID: 7005062421763735564, guid: b98b6685565a1bd4aa49054efe84e720,
        type: 3}
      propertyPath: m_LocalRotation.z
      value: -0
      objectReference: {fileID: 0}
    - target: {fileID: 7005062421763735564, guid: b98b6685565a1bd4aa49054efe84e720,
        type: 3}
      propertyPath: m_LocalRotation.w
      value: 1
      objectReference: {fileID: 0}
    - target: {fileID: 7005062421763735564, guid: b98b6685565a1bd4aa49054efe84e720,
        type: 3}
      propertyPath: m_RootOrder
      value: 13
      objectReference: {fileID: 0}
    - target: {fileID: 7005062421763735564, guid: b98b6685565a1bd4aa49054efe84e720,
        type: 3}
      propertyPath: m_LocalEulerAnglesHint.x
      value: 0
      objectReference: {fileID: 0}
    - target: {fileID: 7005062421763735564, guid: b98b6685565a1bd4aa49054efe84e720,
        type: 3}
      propertyPath: m_LocalEulerAnglesHint.y
      value: 0
      objectReference: {fileID: 0}
    - target: {fileID: 7005062421763735564, guid: b98b6685565a1bd4aa49054efe84e720,
        type: 3}
      propertyPath: m_LocalEulerAnglesHint.z
      value: 0
      objectReference: {fileID: 0}
    - target: {fileID: 7005062421763735564, guid: b98b6685565a1bd4aa49054efe84e720,
        type: 3}
      propertyPath: m_LocalScale.x
      value: 1.1632582
      objectReference: {fileID: 0}
    - target: {fileID: 7005062421763735564, guid: b98b6685565a1bd4aa49054efe84e720,
        type: 3}
      propertyPath: m_LocalScale.y
      value: 1.1632582
      objectReference: {fileID: 0}
    - target: {fileID: 7005062421763735564, guid: b98b6685565a1bd4aa49054efe84e720,
        type: 3}
      propertyPath: m_LocalScale.z
      value: 1.1632582
      objectReference: {fileID: 0}
    - target: {fileID: 7005062421763972140, guid: b98b6685565a1bd4aa49054efe84e720,
        type: 3}
      propertyPath: m_Name
      value: RW_LP_VP_Item_Leaves.001 (1)
      objectReference: {fileID: 0}
    m_RemovedComponents: []
  m_SourcePrefab: {fileID: 100100000, guid: b98b6685565a1bd4aa49054efe84e720, type: 3}
--- !u!4 &6753704961399499001 stripped
Transform:
  m_CorrespondingSourceObject: {fileID: 7005062421763735564, guid: b98b6685565a1bd4aa49054efe84e720,
    type: 3}
  m_PrefabInstance: {fileID: 4363708527964383477}
  m_PrefabAsset: {fileID: 0}
--- !u!1001 &4363708528023541827
PrefabInstance:
  m_ObjectHideFlags: 0
  serializedVersion: 2
  m_Modification:
    m_TransformParent: {fileID: 4363708527365163941}
    m_Modifications:
    - target: {fileID: 8419659627713091411, guid: 1eb66df4794ee2c4e83945c290e25520,
        type: 3}
      propertyPath: m_Name
      value: RW_LP_VP_Item_GiftBox.002
      objectReference: {fileID: 0}
    - target: {fileID: 8419659627713448819, guid: 1eb66df4794ee2c4e83945c290e25520,
        type: 3}
      propertyPath: m_LocalPosition.x
      value: 0.06400013
      objectReference: {fileID: 0}
    - target: {fileID: 8419659627713448819, guid: 1eb66df4794ee2c4e83945c290e25520,
        type: 3}
      propertyPath: m_LocalPosition.y
      value: 0.33305
      objectReference: {fileID: 0}
    - target: {fileID: 8419659627713448819, guid: 1eb66df4794ee2c4e83945c290e25520,
        type: 3}
      propertyPath: m_LocalPosition.z
      value: -0.061000347
      objectReference: {fileID: 0}
    - target: {fileID: 8419659627713448819, guid: 1eb66df4794ee2c4e83945c290e25520,
        type: 3}
      propertyPath: m_LocalRotation.x
      value: -0
      objectReference: {fileID: 0}
    - target: {fileID: 8419659627713448819, guid: 1eb66df4794ee2c4e83945c290e25520,
        type: 3}
      propertyPath: m_LocalRotation.y
      value: -0
      objectReference: {fileID: 0}
    - target: {fileID: 8419659627713448819, guid: 1eb66df4794ee2c4e83945c290e25520,
        type: 3}
      propertyPath: m_LocalRotation.z
      value: -0
      objectReference: {fileID: 0}
    - target: {fileID: 8419659627713448819, guid: 1eb66df4794ee2c4e83945c290e25520,
        type: 3}
      propertyPath: m_LocalRotation.w
      value: 1
      objectReference: {fileID: 0}
    - target: {fileID: 8419659627713448819, guid: 1eb66df4794ee2c4e83945c290e25520,
        type: 3}
      propertyPath: m_RootOrder
      value: 2
      objectReference: {fileID: 0}
    - target: {fileID: 8419659627713448819, guid: 1eb66df4794ee2c4e83945c290e25520,
        type: 3}
      propertyPath: m_LocalEulerAnglesHint.x
      value: 0
      objectReference: {fileID: 0}
    - target: {fileID: 8419659627713448819, guid: 1eb66df4794ee2c4e83945c290e25520,
        type: 3}
      propertyPath: m_LocalEulerAnglesHint.y
      value: 0
      objectReference: {fileID: 0}
    - target: {fileID: 8419659627713448819, guid: 1eb66df4794ee2c4e83945c290e25520,
        type: 3}
      propertyPath: m_LocalEulerAnglesHint.z
      value: 0
      objectReference: {fileID: 0}
    - target: {fileID: 8419659627713448819, guid: 1eb66df4794ee2c4e83945c290e25520,
        type: 3}
      propertyPath: m_LocalScale.x
      value: 0.27687597
      objectReference: {fileID: 0}
    - target: {fileID: 8419659627713448819, guid: 1eb66df4794ee2c4e83945c290e25520,
        type: 3}
      propertyPath: m_LocalScale.y
      value: 0.27687597
      objectReference: {fileID: 0}
    - target: {fileID: 8419659627713448819, guid: 1eb66df4794ee2c4e83945c290e25520,
        type: 3}
      propertyPath: m_LocalScale.z
      value: 0.27687597
      objectReference: {fileID: 0}
    m_RemovedComponents: []
  m_SourcePrefab: {fileID: 100100000, guid: 1eb66df4794ee2c4e83945c290e25520, type: 3}
--- !u!4 &5212813331552883504 stripped
Transform:
  m_CorrespondingSourceObject: {fileID: 8419659627713448819, guid: 1eb66df4794ee2c4e83945c290e25520,
    type: 3}
  m_PrefabInstance: {fileID: 4363708528023541827}
  m_PrefabAsset: {fileID: 0}
--- !u!1001 &4363708528208890287
PrefabInstance:
  m_ObjectHideFlags: 0
  serializedVersion: 2
  m_Modification:
    m_TransformParent: {fileID: 4363708527365163941}
    m_Modifications:
    - target: {fileID: 4363304364742984016, guid: d3e1fa8968e280a45a70eabf358fad88,
        type: 3}
      propertyPath: m_LocalPosition.x
      value: -0.01099968
      objectReference: {fileID: 0}
    - target: {fileID: 4363304364742984016, guid: d3e1fa8968e280a45a70eabf358fad88,
        type: 3}
      propertyPath: m_LocalPosition.y
      value: 0.793
      objectReference: {fileID: 0}
    - target: {fileID: 4363304364742984016, guid: d3e1fa8968e280a45a70eabf358fad88,
        type: 3}
      propertyPath: m_LocalPosition.z
      value: -0.0009999275
      objectReference: {fileID: 0}
    - target: {fileID: 4363304364742984016, guid: d3e1fa8968e280a45a70eabf358fad88,
        type: 3}
      propertyPath: m_LocalRotation.x
      value: -0
      objectReference: {fileID: 0}
    - target: {fileID: 4363304364742984016, guid: d3e1fa8968e280a45a70eabf358fad88,
        type: 3}
      propertyPath: m_LocalRotation.y
      value: 0.7071068
      objectReference: {fileID: 0}
    - target: {fileID: 4363304364742984016, guid: d3e1fa8968e280a45a70eabf358fad88,
        type: 3}
      propertyPath: m_LocalRotation.z
      value: -0
      objectReference: {fileID: 0}
    - target: {fileID: 4363304364742984016, guid: d3e1fa8968e280a45a70eabf358fad88,
        type: 3}
      propertyPath: m_LocalRotation.w
      value: 0.7071068
      objectReference: {fileID: 0}
    - target: {fileID: 4363304364742984016, guid: d3e1fa8968e280a45a70eabf358fad88,
        type: 3}
      propertyPath: m_RootOrder
      value: 0
      objectReference: {fileID: 0}
    - target: {fileID: 4363304364742984016, guid: d3e1fa8968e280a45a70eabf358fad88,
        type: 3}
      propertyPath: m_LocalEulerAnglesHint.x
      value: 0
      objectReference: {fileID: 0}
    - target: {fileID: 4363304364742984016, guid: d3e1fa8968e280a45a70eabf358fad88,
        type: 3}
      propertyPath: m_LocalEulerAnglesHint.y
      value: 90
      objectReference: {fileID: 0}
    - target: {fileID: 4363304364742984016, guid: d3e1fa8968e280a45a70eabf358fad88,
        type: 3}
      propertyPath: m_LocalEulerAnglesHint.z
      value: 0
      objectReference: {fileID: 0}
    - target: {fileID: 4363304364742984016, guid: d3e1fa8968e280a45a70eabf358fad88,
        type: 3}
      propertyPath: m_LocalScale.z
      value: 1
      objectReference: {fileID: 0}
    - target: {fileID: 4363304364743155056, guid: d3e1fa8968e280a45a70eabf358fad88,
        type: 3}
      propertyPath: m_Name
      value: RW_LP_VP_Item_TableCloth.006
      objectReference: {fileID: 0}
    m_RemovedComponents: []
  m_SourcePrefab: {fileID: 100100000, guid: d3e1fa8968e280a45a70eabf358fad88, type: 3}
--- !u!4 &725655735044351 stripped
Transform:
  m_CorrespondingSourceObject: {fileID: 4363304364742984016, guid: d3e1fa8968e280a45a70eabf358fad88,
    type: 3}
  m_PrefabInstance: {fileID: 4363708528208890287}
  m_PrefabAsset: {fileID: 0}
--- !u!1001 &4363708528263039754
PrefabInstance:
  m_ObjectHideFlags: 0
  serializedVersion: 2
  m_Modification:
    m_TransformParent: {fileID: 4363708527365163941}
    m_Modifications:
    - target: {fileID: 6093336564472047610, guid: 0cc73dac87586034eb20e761620c4a4c,
        type: 3}
      propertyPath: m_Name
      value: RW_LP_VP_Item_Leaves.003
      objectReference: {fileID: 0}
    - target: {fileID: 6093336564472413146, guid: 0cc73dac87586034eb20e761620c4a4c,
        type: 3}
      propertyPath: m_LocalPosition.x
      value: -0.12944353
      objectReference: {fileID: 0}
    - target: {fileID: 6093336564472413146, guid: 0cc73dac87586034eb20e761620c4a4c,
        type: 3}
      propertyPath: m_LocalPosition.y
      value: 0.79248804
      objectReference: {fileID: 0}
    - target: {fileID: 6093336564472413146, guid: 0cc73dac87586034eb20e761620c4a4c,
        type: 3}
      propertyPath: m_LocalPosition.z
      value: -0.032773167
      objectReference: {fileID: 0}
    - target: {fileID: 6093336564472413146, guid: 0cc73dac87586034eb20e761620c4a4c,
        type: 3}
      propertyPath: m_LocalRotation.x
      value: -0
      objectReference: {fileID: 0}
    - target: {fileID: 6093336564472413146, guid: 0cc73dac87586034eb20e761620c4a4c,
        type: 3}
      propertyPath: m_LocalRotation.y
      value: -0
      objectReference: {fileID: 0}
    - target: {fileID: 6093336564472413146, guid: 0cc73dac87586034eb20e761620c4a4c,
        type: 3}
      propertyPath: m_LocalRotation.z
      value: -0
      objectReference: {fileID: 0}
    - target: {fileID: 6093336564472413146, guid: 0cc73dac87586034eb20e761620c4a4c,
        type: 3}
      propertyPath: m_LocalRotation.w
      value: 1
      objectReference: {fileID: 0}
    - target: {fileID: 6093336564472413146, guid: 0cc73dac87586034eb20e761620c4a4c,
        type: 3}
      propertyPath: m_RootOrder
      value: 10
      objectReference: {fileID: 0}
    - target: {fileID: 6093336564472413146, guid: 0cc73dac87586034eb20e761620c4a4c,
        type: 3}
      propertyPath: m_LocalEulerAnglesHint.x
      value: 0
      objectReference: {fileID: 0}
    - target: {fileID: 6093336564472413146, guid: 0cc73dac87586034eb20e761620c4a4c,
        type: 3}
      propertyPath: m_LocalEulerAnglesHint.y
      value: 0
      objectReference: {fileID: 0}
    - target: {fileID: 6093336564472413146, guid: 0cc73dac87586034eb20e761620c4a4c,
        type: 3}
      propertyPath: m_LocalEulerAnglesHint.z
      value: 0
      objectReference: {fileID: 0}
    - target: {fileID: 6093336564472413146, guid: 0cc73dac87586034eb20e761620c4a4c,
        type: 3}
      propertyPath: m_LocalScale.x
      value: 1.1632582
      objectReference: {fileID: 0}
    - target: {fileID: 6093336564472413146, guid: 0cc73dac87586034eb20e761620c4a4c,
        type: 3}
      propertyPath: m_LocalScale.y
      value: 1.1632582
      objectReference: {fileID: 0}
    - target: {fileID: 6093336564472413146, guid: 0cc73dac87586034eb20e761620c4a4c,
        type: 3}
      propertyPath: m_LocalScale.z
      value: 1.1632582
      objectReference: {fileID: 0}
    m_RemovedComponents: []
  m_SourcePrefab: {fileID: 100100000, guid: 0cc73dac87586034eb20e761620c4a4c, type: 3}
--- !u!4 &7494236736607809744 stripped
Transform:
  m_CorrespondingSourceObject: {fileID: 6093336564472413146, guid: 0cc73dac87586034eb20e761620c4a4c,
    type: 3}
  m_PrefabInstance: {fileID: 4363708528263039754}
  m_PrefabAsset: {fileID: 0}
--- !u!1001 &4363708528472769057
PrefabInstance:
  m_ObjectHideFlags: 0
  serializedVersion: 2
  m_Modification:
    m_TransformParent: {fileID: 4363708527365163941}
    m_Modifications:
    - target: {fileID: 6982408891436999505, guid: 28fc21fa857220d4fbf7328ab2920857,
        type: 3}
      propertyPath: m_LocalPosition.x
      value: 0.15950567
      objectReference: {fileID: 0}
    - target: {fileID: 6982408891436999505, guid: 28fc21fa857220d4fbf7328ab2920857,
        type: 3}
      propertyPath: m_LocalPosition.y
      value: 0.99304986
      objectReference: {fileID: 0}
    - target: {fileID: 6982408891436999505, guid: 28fc21fa857220d4fbf7328ab2920857,
        type: 3}
      propertyPath: m_LocalPosition.z
      value: 0.13671686
      objectReference: {fileID: 0}
    - target: {fileID: 6982408891436999505, guid: 28fc21fa857220d4fbf7328ab2920857,
        type: 3}
      propertyPath: m_LocalRotation.x
      value: -0
      objectReference: {fileID: 0}
    - target: {fileID: 6982408891436999505, guid: 28fc21fa857220d4fbf7328ab2920857,
        type: 3}
      propertyPath: m_LocalRotation.y
      value: 0.661954
      objectReference: {fileID: 0}
    - target: {fileID: 6982408891436999505, guid: 28fc21fa857220d4fbf7328ab2920857,
        type: 3}
      propertyPath: m_LocalRotation.z
      value: -0
      objectReference: {fileID: 0}
    - target: {fileID: 6982408891436999505, guid: 28fc21fa857220d4fbf7328ab2920857,
        type: 3}
      propertyPath: m_LocalRotation.w
      value: 0.7495445
      objectReference: {fileID: 0}
    - target: {fileID: 6982408891436999505, guid: 28fc21fa857220d4fbf7328ab2920857,
        type: 3}
      propertyPath: m_RootOrder
      value: 7
      objectReference: {fileID: 0}
    - target: {fileID: 6982408891436999505, guid: 28fc21fa857220d4fbf7328ab2920857,
        type: 3}
      propertyPath: m_LocalEulerAnglesHint.x
      value: 0
      objectReference: {fileID: 0}
    - target: {fileID: 6982408891436999505, guid: 28fc21fa857220d4fbf7328ab2920857,
        type: 3}
      propertyPath: m_LocalEulerAnglesHint.y
      value: 82.898
      objectReference: {fileID: 0}
    - target: {fileID: 6982408891436999505, guid: 28fc21fa857220d4fbf7328ab2920857,
        type: 3}
      propertyPath: m_LocalEulerAnglesHint.z
      value: 0
      objectReference: {fileID: 0}
    - target: {fileID: 6982408891436999505, guid: 28fc21fa857220d4fbf7328ab2920857,
        type: 3}
      propertyPath: m_LocalScale.x
      value: 0.4675416
      objectReference: {fileID: 0}
    - target: {fileID: 6982408891436999505, guid: 28fc21fa857220d4fbf7328ab2920857,
        type: 3}
      propertyPath: m_LocalScale.y
      value: 0.46754152
      objectReference: {fileID: 0}
    - target: {fileID: 6982408891436999505, guid: 28fc21fa857220d4fbf7328ab2920857,
        type: 3}
      propertyPath: m_LocalScale.z
      value: 0.4675416
      objectReference: {fileID: 0}
    - target: {fileID: 6982408891436999507, guid: 28fc21fa857220d4fbf7328ab2920857,
        type: 3}
      propertyPath: m_LocalRotation.x
      value: -0
      objectReference: {fileID: 0}
    - target: {fileID: 6982408891436999507, guid: 28fc21fa857220d4fbf7328ab2920857,
        type: 3}
      propertyPath: m_LocalRotation.y
      value: -0.11950603
      objectReference: {fileID: 0}
    - target: {fileID: 6982408891436999507, guid: 28fc21fa857220d4fbf7328ab2920857,
        type: 3}
      propertyPath: m_LocalRotation.w
      value: 0.99283344
      objectReference: {fileID: 0}
    - target: {fileID: 6982408891436999507, guid: 28fc21fa857220d4fbf7328ab2920857,
        type: 3}
      propertyPath: m_LocalPosition.x
      value: -0.011312166
      objectReference: {fileID: 0}
    - target: {fileID: 6982408891436999507, guid: 28fc21fa857220d4fbf7328ab2920857,
        type: 3}
      propertyPath: m_LocalPosition.z
      value: -0.0026410674
      objectReference: {fileID: 0}
    - target: {fileID: 6982408891436999507, guid: 28fc21fa857220d4fbf7328ab2920857,
        type: 3}
      propertyPath: m_LocalEulerAnglesHint.y
      value: -13.727
      objectReference: {fileID: 0}
    - target: {fileID: 6982408891437301617, guid: 28fc21fa857220d4fbf7328ab2920857,
        type: 3}
      propertyPath: m_Name
      value: RW_LP_VP_Item_TeddyBear.001
      objectReference: {fileID: 0}
    m_RemovedComponents: []
  m_SourcePrefab: {fileID: 100100000, guid: 28fc21fa857220d4fbf7328ab2920857, type: 3}
--- !u!4 &6658992256123920752 stripped
Transform:
  m_CorrespondingSourceObject: {fileID: 6982408891436999505, guid: 28fc21fa857220d4fbf7328ab2920857,
    type: 3}
  m_PrefabInstance: {fileID: 4363708528472769057}
  m_PrefabAsset: {fileID: 0}
--- !u!1001 &4363708528527384018
PrefabInstance:
  m_ObjectHideFlags: 0
  serializedVersion: 2
  m_Modification:
    m_TransformParent: {fileID: 4363708527365163941}
    m_Modifications:
    - target: {fileID: 8419659627713091411, guid: 1eb66df4794ee2c4e83945c290e25520,
        type: 3}
      propertyPath: m_Name
      value: RW_LP_VP_Item_GiftBox.002
      objectReference: {fileID: 0}
    - target: {fileID: 8419659627713448819, guid: 1eb66df4794ee2c4e83945c290e25520,
        type: 3}
      propertyPath: m_LocalPosition.x
      value: 0.033257857
      objectReference: {fileID: 0}
    - target: {fileID: 8419659627713448819, guid: 1eb66df4794ee2c4e83945c290e25520,
        type: 3}
      propertyPath: m_LocalPosition.y
      value: 0.7929269
      objectReference: {fileID: 0}
    - target: {fileID: 8419659627713448819, guid: 1eb66df4794ee2c4e83945c290e25520,
        type: 3}
      propertyPath: m_LocalPosition.z
      value: 0.08874142
      objectReference: {fileID: 0}
    - target: {fileID: 8419659627713448819, guid: 1eb66df4794ee2c4e83945c290e25520,
        type: 3}
      propertyPath: m_LocalRotation.x
      value: -0
      objectReference: {fileID: 0}
    - target: {fileID: 8419659627713448819, guid: 1eb66df4794ee2c4e83945c290e25520,
        type: 3}
      propertyPath: m_LocalRotation.y
      value: 0.5645173
      objectReference: {fileID: 0}
    - target: {fileID: 8419659627713448819, guid: 1eb66df4794ee2c4e83945c290e25520,
        type: 3}
      propertyPath: m_LocalRotation.z
      value: -0
      objectReference: {fileID: 0}
    - target: {fileID: 8419659627713448819, guid: 1eb66df4794ee2c4e83945c290e25520,
        type: 3}
      propertyPath: m_LocalRotation.w
      value: 0.8254213
      objectReference: {fileID: 0}
    - target: {fileID: 8419659627713448819, guid: 1eb66df4794ee2c4e83945c290e25520,
        type: 3}
      propertyPath: m_RootOrder
      value: 6
      objectReference: {fileID: 0}
    - target: {fileID: 8419659627713448819, guid: 1eb66df4794ee2c4e83945c290e25520,
        type: 3}
      propertyPath: m_LocalEulerAnglesHint.x
      value: 0
      objectReference: {fileID: 0}
    - target: {fileID: 8419659627713448819, guid: 1eb66df4794ee2c4e83945c290e25520,
        type: 3}
      propertyPath: m_LocalEulerAnglesHint.y
      value: 68.73801
      objectReference: {fileID: 0}
    - target: {fileID: 8419659627713448819, guid: 1eb66df4794ee2c4e83945c290e25520,
        type: 3}
      propertyPath: m_LocalEulerAnglesHint.z
      value: 0
      objectReference: {fileID: 0}
    - target: {fileID: 8419659627713448819, guid: 1eb66df4794ee2c4e83945c290e25520,
        type: 3}
      propertyPath: m_LocalScale.x
      value: 0.46640936
      objectReference: {fileID: 0}
    - target: {fileID: 8419659627713448819, guid: 1eb66df4794ee2c4e83945c290e25520,
        type: 3}
      propertyPath: m_LocalScale.y
      value: 0.37895748
      objectReference: {fileID: 0}
    - target: {fileID: 8419659627713448819, guid: 1eb66df4794ee2c4e83945c290e25520,
        type: 3}
      propertyPath: m_LocalScale.z
      value: 0.46640936
      objectReference: {fileID: 0}
    m_RemovedComponents: []
  m_SourcePrefab: {fileID: 100100000, guid: 1eb66df4794ee2c4e83945c290e25520, type: 3}
--- !u!4 &5212813331051140769 stripped
Transform:
  m_CorrespondingSourceObject: {fileID: 8419659627713448819, guid: 1eb66df4794ee2c4e83945c290e25520,
    type: 3}
  m_PrefabInstance: {fileID: 4363708528527384018}
  m_PrefabAsset: {fileID: 0}
--- !u!1001 &6673373614974559569
PrefabInstance:
  m_ObjectHideFlags: 0
  serializedVersion: 2
  m_Modification:
    m_TransformParent: {fileID: 4363708527365163941}
    m_Modifications:
    - target: {fileID: 6923040033850755680, guid: 9c0787f5bde73f148a862ae37f0fc9ef,
        type: 3}
      propertyPath: m_LocalPosition.x
      value: 0.14019278
      objectReference: {fileID: 0}
    - target: {fileID: 6923040033850755680, guid: 9c0787f5bde73f148a862ae37f0fc9ef,
        type: 3}
      propertyPath: m_LocalPosition.y
      value: 0.89070624
      objectReference: {fileID: 0}
    - target: {fileID: 6923040033850755680, guid: 9c0787f5bde73f148a862ae37f0fc9ef,
        type: 3}
      propertyPath: m_LocalPosition.z
      value: -0.1264359
      objectReference: {fileID: 0}
    - target: {fileID: 6923040033850755680, guid: 9c0787f5bde73f148a862ae37f0fc9ef,
        type: 3}
      propertyPath: m_LocalRotation.x
      value: 0.12051459
      objectReference: {fileID: 0}
    - target: {fileID: 6923040033850755680, guid: 9c0787f5bde73f148a862ae37f0fc9ef,
        type: 3}
      propertyPath: m_LocalRotation.y
      value: -0.30683425
      objectReference: {fileID: 0}
    - target: {fileID: 6923040033850755680, guid: 9c0787f5bde73f148a862ae37f0fc9ef,
        type: 3}
      propertyPath: m_LocalRotation.z
      value: 0.039201178
      objectReference: {fileID: 0}
    - target: {fileID: 6923040033850755680, guid: 9c0787f5bde73f148a862ae37f0fc9ef,
        type: 3}
      propertyPath: m_LocalRotation.w
      value: 0.943288
      objectReference: {fileID: 0}
    - target: {fileID: 6923040033850755680, guid: 9c0787f5bde73f148a862ae37f0fc9ef,
        type: 3}
      propertyPath: m_RootOrder
      value: 3
      objectReference: {fileID: 0}
    - target: {fileID: 6923040033850755680, guid: 9c0787f5bde73f148a862ae37f0fc9ef,
        type: 3}
      propertyPath: m_LocalEulerAnglesHint.x
      value: 14.561001
      objectReference: {fileID: 0}
    - target: {fileID: 6923040033850755680, guid: 9c0787f5bde73f148a862ae37f0fc9ef,
        type: 3}
      propertyPath: m_LocalEulerAnglesHint.y
      value: -36.038002
      objectReference: {fileID: 0}
    - target: {fileID: 6923040033850755680, guid: 9c0787f5bde73f148a862ae37f0fc9ef,
        type: 3}
      propertyPath: m_LocalEulerAnglesHint.z
      value: 0
      objectReference: {fileID: 0}
    - target: {fileID: 6923040033850755695, guid: 9c0787f5bde73f148a862ae37f0fc9ef,
        type: 3}
      propertyPath: m_Name
      value: RW_LP_VP_GroupItems_Potion.002
      objectReference: {fileID: 0}
    m_RemovedComponents: []
  m_SourcePrefab: {fileID: 100100000, guid: 9c0787f5bde73f148a862ae37f0fc9ef, type: 3}
--- !u!4 &4363708526770417457 stripped
Transform:
  m_CorrespondingSourceObject: {fileID: 6923040033850755680, guid: 9c0787f5bde73f148a862ae37f0fc9ef,
    type: 3}
  m_PrefabInstance: {fileID: 6673373614974559569}
  m_PrefabAsset: {fileID: 0}
