%YAML 1.1
%TAG !u! tag:unity3d.com,2011:
--- !u!1 &4773176489725234062
GameObject:
  m_ObjectHideFlags: 0
  m_CorrespondingSourceObject: {fileID: 0}
  m_PrefabInstance: {fileID: 0}
  m_PrefabAsset: {fileID: 0}
  serializedVersion: 6
  m_Component:
  - component: {fileID: 4773176489725234065}
  m_Layer: 0
  m_Name: RW_LP_VP_Item_CandleGroupFlameEffect.001
  m_TagString: Untagged
  m_Icon: {fileID: 0}
  m_NavMeshLayer: 0
  m_StaticEditorFlags: 0
  m_IsActive: 1
--- !u!4 &4773176489725234065
Transform:
  m_ObjectHideFlags: 0
  m_CorrespondingSourceObject: {fileID: 0}
  m_PrefabInstance: {fileID: 0}
  m_PrefabAsset: {fileID: 0}
  m_GameObject: {fileID: 4773176489725234062}
  m_LocalRotation: {x: 0, y: 0, z: 0, w: 1}
  m_LocalPosition: {x: 0, y: 0, z: 0}
  m_LocalScale: {x: 1, y: 1, z: 1}
  m_Children:
  - {fileID: 5814672014590841967}
  - {fileID: 8637165893762530785}
  - {fileID: 8637165892135461751}
  - {fileID: 8637165892762168969}
  m_Father: {fileID: 0}
  m_RootOrder: 0
  m_LocalEulerAnglesHint: {x: 0, y: 0, z: 0}
--- !u!1001 &4773176488913088886
PrefabInstance:
  m_ObjectHideFlags: 0
  serializedVersion: 2
  m_Modification:
    m_TransformParent: {fileID: 4773176489725234065}
    m_Modifications:
    - target: {fileID: 1336557374969297209, guid: a32f2632d2209194c84d20b399c143a4,
        type: 3}
      propertyPath: m_Name
      value: RW_LP_VP_Item_CandleGroupFlameless.001
      objectReference: {fileID: 0}
    - target: {fileID: 1336557374969652505, guid: a32f2632d2209194c84d20b399c143a4,
        type: 3}
      propertyPath: m_LocalPosition.x
      value: 0
      objectReference: {fileID: 0}
    - target: {fileID: 1336557374969652505, guid: a32f2632d2209194c84d20b399c143a4,
        type: 3}
      propertyPath: m_LocalPosition.y
      value: 0
      objectReference: {fileID: 0}
    - target: {fileID: 1336557374969652505, guid: a32f2632d2209194c84d20b399c143a4,
        type: 3}
      propertyPath: m_LocalPosition.z
      value: 0
      objectReference: {fileID: 0}
    - target: {fileID: 1336557374969652505, guid: a32f2632d2209194c84d20b399c143a4,
        type: 3}
      propertyPath: m_LocalRotation.x
      value: -0
      objectReference: {fileID: 0}
    - target: {fileID: 1336557374969652505, guid: a32f2632d2209194c84d20b399c143a4,
        type: 3}
      propertyPath: m_LocalRotation.y
      value: -0
      objectReference: {fileID: 0}
    - target: {fileID: 1336557374969652505, guid: a32f2632d2209194c84d20b399c143a4,
        type: 3}
      propertyPath: m_LocalRotation.z
      value: -0
      objectReference: {fileID: 0}
    - target: {fileID: 1336557374969652505, guid: a32f2632d2209194c84d20b399c143a4,
        type: 3}
      propertyPath: m_LocalRotation.w
      value: 1
      objectReference: {fileID: 0}
    - target: {fileID: 1336557374969652505, guid: a32f2632d2209194c84d20b399c143a4,
        type: 3}
      propertyPath: m_RootOrder
      value: 0
      objectReference: {fileID: 0}
    - target: {fileID: 1336557374969652505, guid: a32f2632d2209194c84d20b399c143a4,
        type: 3}
      propertyPath: m_LocalEulerAnglesHint.x
      value: 0
      objectReference: {fileID: 0}
    - target: {fileID: 1336557374969652505, guid: a32f2632d2209194c84d20b399c143a4,
        type: 3}
      propertyPath: m_LocalEulerAnglesHint.y
      value: 0
      objectReference: {fileID: 0}
    - target: {fileID: 1336557374969652505, guid: a32f2632d2209194c84d20b399c143a4,
        type: 3}
      propertyPath: m_LocalEulerAnglesHint.z
      value: 0
      objectReference: {fileID: 0}
    m_RemovedComponents: []
  m_SourcePrefab: {fileID: 100100000, guid: a32f2632d2209194c84d20b399c143a4, type: 3}
--- !u!4 &5814672014590841967 stripped
Transform:
  m_CorrespondingSourceObject: {fileID: 1336557374969652505, guid: a32f2632d2209194c84d20b399c143a4,
    type: 3}
  m_PrefabInstance: {fileID: 4773176488913088886}
  m_PrefabAsset: {fileID: 0}
--- !u!1001 &4773176489008800111
PrefabInstance:
  m_ObjectHideFlags: 0
  serializedVersion: 2
  m_Modification:
    m_TransformParent: {fileID: 4773176489725234065}
    m_Modifications:
    - target: {fileID: 3882342728394611854, guid: 9184f4ebf40867b4782eb8dc27276398,
        type: 3}
      propertyPath: m_LocalPosition.x
      value: -0.0064
      objectReference: {fileID: 0}
    - target: {fileID: 3882342728394611854, guid: 9184f4ebf40867b4782eb8dc27276398,
        type: 3}
      propertyPath: m_LocalPosition.y
      value: 0.166
      objectReference: {fileID: 0}
    - target: {fileID: 3882342728394611854, guid: 9184f4ebf40867b4782eb8dc27276398,
        type: 3}
      propertyPath: m_LocalPosition.z
      value: -0.0351
      objectReference: {fileID: 0}
    - target: {fileID: 3882342728394611854, guid: 9184f4ebf40867b4782eb8dc27276398,
        type: 3}
      propertyPath: m_LocalRotation.x
      value: 0
      objectReference: {fileID: 0}
    - target: {fileID: 3882342728394611854, guid: 9184f4ebf40867b4782eb8dc27276398,
        type: 3}
      propertyPath: m_LocalRotation.y
      value: 0
      objectReference: {fileID: 0}
    - target: {fileID: 3882342728394611854, guid: 9184f4ebf40867b4782eb8dc27276398,
        type: 3}
      propertyPath: m_LocalRotation.z
      value: 0
      objectReference: {fileID: 0}
    - target: {fileID: 3882342728394611854, guid: 9184f4ebf40867b4782eb8dc27276398,
        type: 3}
      propertyPath: m_LocalRotation.w
      value: 1
      objectReference: {fileID: 0}
    - target: {fileID: 3882342728394611854, guid: 9184f4ebf40867b4782eb8dc27276398,
        type: 3}
      propertyPath: m_RootOrder
      value: 1
      objectReference: {fileID: 0}
    - target: {fileID: 3882342728394611854, guid: 9184f4ebf40867b4782eb8dc27276398,
        type: 3}
      propertyPath: m_LocalEulerAnglesHint.x
      value: 0
      objectReference: {fileID: 0}
    - target: {fileID: 3882342728394611854, guid: 9184f4ebf40867b4782eb8dc27276398,
        type: 3}
      propertyPath: m_LocalEulerAnglesHint.y
      value: 0
      objectReference: {fileID: 0}
    - target: {fileID: 3882342728394611854, guid: 9184f4ebf40867b4782eb8dc27276398,
        type: 3}
      propertyPath: m_LocalEulerAnglesHint.z
      value: 0
      objectReference: {fileID: 0}
    - target: {fileID: 3882342728394611855, guid: 9184f4ebf40867b4782eb8dc27276398,
        type: 3}
      propertyPath: m_Name
      value: RW_LP_VP_Effect_FireCandle
      objectReference: {fileID: 0}
    m_RemovedComponents: []
  m_SourcePrefab: {fileID: 100100000, guid: 9184f4ebf40867b4782eb8dc27276398, type: 3}
--- !u!4 &8637165893762530785 stripped
Transform:
  m_CorrespondingSourceObject: {fileID: 3882342728394611854, guid: 9184f4ebf40867b4782eb8dc27276398,
    type: 3}
  m_PrefabInstance: {fileID: 4773176489008800111}
  m_PrefabAsset: {fileID: 0}
--- !u!1001 &4773176489528180729
PrefabInstance:
  m_ObjectHideFlags: 0
  serializedVersion: 2
  m_Modification:
    m_TransformParent: {fileID: 4773176489725234065}
    m_Modifications:
    - target: {fileID: 3882342728394611854, guid: 9184f4ebf40867b4782eb8dc27276398,
        type: 3}
      propertyPath: m_LocalPosition.x
      value: -0.0689
      objectReference: {fileID: 0}
    - target: {fileID: 3882342728394611854, guid: 9184f4ebf40867b4782eb8dc27276398,
        type: 3}
      propertyPath: m_LocalPosition.y
      value: 0.1324
      objectReference: {fileID: 0}
    - target: {fileID: 3882342728394611854, guid: 9184f4ebf40867b4782eb8dc27276398,
        type: 3}
      propertyPath: m_LocalPosition.z
      value: 0.0186
      objectReference: {fileID: 0}
    - target: {fileID: 3882342728394611854, guid: 9184f4ebf40867b4782eb8dc27276398,
        type: 3}
      propertyPath: m_LocalRotation.x
      value: 0
      objectReference: {fileID: 0}
    - target: {fileID: 3882342728394611854, guid: 9184f4ebf40867b4782eb8dc27276398,
        type: 3}
      propertyPath: m_LocalRotation.y
      value: 0
      objectReference: {fileID: 0}
    - target: {fileID: 3882342728394611854, guid: 9184f4ebf40867b4782eb8dc27276398,
        type: 3}
      propertyPath: m_LocalRotation.z
      value: 0
      objectReference: {fileID: 0}
    - target: {fileID: 3882342728394611854, guid: 9184f4ebf40867b4782eb8dc27276398,
        type: 3}
      propertyPath: m_LocalRotation.w
      value: 1
      objectReference: {fileID: 0}
    - target: {fileID: 3882342728394611854, guid: 9184f4ebf40867b4782eb8dc27276398,
        type: 3}
      propertyPath: m_RootOrder
      value: 2
      objectReference: {fileID: 0}
    - target: {fileID: 3882342728394611854, guid: 9184f4ebf40867b4782eb8dc27276398,
        type: 3}
      propertyPath: m_LocalEulerAnglesHint.x
      value: 0
      objectReference: {fileID: 0}
    - target: {fileID: 3882342728394611854, guid: 9184f4ebf40867b4782eb8dc27276398,
        type: 3}
      propertyPath: m_LocalEulerAnglesHint.y
      value: 0
      objectReference: {fileID: 0}
    - target: {fileID: 3882342728394611854, guid: 9184f4ebf40867b4782eb8dc27276398,
        type: 3}
      propertyPath: m_LocalEulerAnglesHint.z
      value: 0
      objectReference: {fileID: 0}
    - target: {fileID: 3882342728394611855, guid: 9184f4ebf40867b4782eb8dc27276398,
        type: 3}
      propertyPath: m_Name
      value: RW_LP_VP_Effect_FireCandle (1)
      objectReference: {fileID: 0}
    m_RemovedComponents: []
  m_SourcePrefab: {fileID: 100100000, guid: 9184f4ebf40867b4782eb8dc27276398, type: 3}
--- !u!4 &8637165892135461751 stripped
Transform:
  m_CorrespondingSourceObject: {fileID: 3882342728394611854, guid: 9184f4ebf40867b4782eb8dc27276398,
    type: 3}
  m_PrefabInstance: {fileID: 4773176489528180729}
  m_PrefabAsset: {fileID: 0}
--- !u!1001 &4773176490231427591
PrefabInstance:
  m_ObjectHideFlags: 0
  serializedVersion: 2
  m_Modification:
    m_TransformParent: {fileID: 4773176489725234065}
    m_Modifications:
    - target: {fileID: 3882342728394611854, guid: 9184f4ebf40867b4782eb8dc27276398,
        type: 3}
      propertyPath: m_LocalPosition.x
      value: 0.055
      objectReference: {fileID: 0}
    - target: {fileID: 3882342728394611854, guid: 9184f4ebf40867b4782eb8dc27276398,
        type: 3}
      propertyPath: m_LocalPosition.y
      value: 0.115
      objectReference: {fileID: 0}
    - target: {fileID: 3882342728394611854, guid: 9184f4ebf40867b4782eb8dc27276398,
        type: 3}
      propertyPath: m_LocalPosition.z
      value: 0.051
      objectReference: {fileID: 0}
    - target: {fileID: 3882342728394611854, guid: 9184f4ebf40867b4782eb8dc27276398,
        type: 3}
      propertyPath: m_LocalRotation.x
      value: 0
      objectReference: {fileID: 0}
    - target: {fileID: 3882342728394611854, guid: 9184f4ebf40867b4782eb8dc27276398,
        type: 3}
      propertyPath: m_LocalRotation.y
      value: 0
      objectReference: {fileID: 0}
    - target: {fileID: 3882342728394611854, guid: 9184f4ebf40867b4782eb8dc27276398,
        type: 3}
      propertyPath: m_LocalRotation.z
      value: 0
      objectReference: {fileID: 0}
    - target: {fileID: 3882342728394611854, guid: 9184f4ebf40867b4782eb8dc27276398,
        type: 3}
      propertyPath: m_LocalRotation.w
      value: 1
      objectReference: {fileID: 0}
    - target: {fileID: 3882342728394611854, guid: 9184f4ebf40867b4782eb8dc27276398,
        type: 3}
      propertyPath: m_RootOrder
      value: 3
      objectReference: {fileID: 0}
    - target: {fileID: 3882342728394611854, guid: 9184f4ebf40867b4782eb8dc27276398,
        type: 3}
      propertyPath: m_LocalEulerAnglesHint.x
      value: 0
      objectReference: {fileID: 0}
    - target: {fileID: 3882342728394611854, guid: 9184f4ebf40867b4782eb8dc27276398,
        type: 3}
      propertyPath: m_LocalEulerAnglesHint.y
      value: 0
      objectReference: {fileID: 0}
    - target: {fileID: 3882342728394611854, guid: 9184f4ebf40867b4782eb8dc27276398,
        type: 3}
      propertyPath: m_LocalEulerAnglesHint.z
      value: 0
      objectReference: {fileID: 0}
    - target: {fileID: 3882342728394611855, guid: 9184f4ebf40867b4782eb8dc27276398,
        type: 3}
      propertyPath: m_Name
      value: RW_LP_VP_Effect_FireCandle (2)
      objectReference: {fileID: 0}
    m_RemovedComponents: []
  m_SourcePrefab: {fileID: 100100000, guid: 9184f4ebf40867b4782eb8dc27276398, type: 3}
--- !u!4 &8637165892762168969 stripped
Transform:
  m_CorrespondingSourceObject: {fileID: 3882342728394611854, guid: 9184f4ebf40867b4782eb8dc27276398,
    type: 3}
  m_PrefabInstance: {fileID: 4773176490231427591}
  m_PrefabAsset: {fileID: 0}
